
  
  
  
  
  
  
 
  
  <record xsi:schemaLocation="http://www.loc.gov/MARC21/slim http://www.loc.gov/standards/marcxml/schema/MARC21slim.xsd">
      <leader>00000cam  22004451  4500</leader>
      <controlfield tag="FMT">BK</controlfield>
      <controlfield tag="LDR">00000cam  22004451  4500</controlfield>
      <controlfield tag="001">004112304</controlfield>
      <controlfield tag="003">OCoLC</controlfield>
      <controlfield tag="005">20150423132657.0</controlfield>
      <controlfield tag="008">791116m18971911gw c          000 0 gers</controlfield>
      <datafield tag="010" ind1=" " ind2=" ">
         <subfield code="a">26008926</subfield>
      </datafield>
      <datafield tag="035" ind1=" " ind2=" ">
         <subfield code="a">(OCoLC)5702352</subfield>
      </datafield>
      <datafield tag="040" ind1=" " ind2=" ">
         <subfield code="a">DLC</subfield>
         <subfield code="b">eng</subfield>
         <subfield code="c">IXA</subfield>
         <subfield code="d">DLC</subfield>
         <subfield code="d">GZM</subfield>
         <subfield code="d">CLU</subfield>
         <subfield code="d">KRTAS</subfield>
         <subfield code="d">I8H</subfield>
         <subfield code="d">OCLCF</subfield>
         <subfield code="d">OCLCQ</subfield>
         <subfield code="d">OCLCO</subfield>
         <subfield code="d">NNU</subfield>
      </datafield>
      <datafield tag="042" ind1=" " ind2=" ">
         <subfield code="a">premarc</subfield>
      </datafield>
      <datafield tag="050" ind1="0" ind2="0">
         <subfield code="a">DS117</subfield>
         <subfield code="b">.G8 1897</subfield>
      </datafield>
      <datafield tag="100" ind1="1" ind2=" ">
         <subfield code="a">Graetz, Heinrich,</subfield>
         <subfield code="d">1817-1891.</subfield>
      </datafield>
      <datafield tag="245" ind1="1" ind2="0">
         <subfield code="a">Geschichte der Juden von den ältesten Zeiten bis auf die Gegenwart :</subfield>
         <subfield code="b">Aus den Quellen neu bearbeitet /</subfield>
         <subfield code="c">von H. Graetz.</subfield>
      </datafield>
      <datafield tag="260" ind1=" " ind2=" ">
         <subfield code="a">Leipzig :</subfield>
         <subfield code="b">O. Leiner</subfield>
         <subfield code="c">[1897-1911]</subfield>
      </datafield>
      <datafield tag="300" ind1=" " ind2=" ">
         <subfield code="a">11 volumes in 13 :</subfield>
         <subfield code="b">portrait ;</subfield>
         <subfield code="c">21 cm</subfield>
      </datafield>
      <datafield tag="336" ind1=" " ind2=" ">
         <subfield code="a">text</subfield>
         <subfield code="b">txt</subfield>
         <subfield code="2">rdacontent</subfield>
      </datafield>
      <datafield tag="337" ind1=" " ind2=" ">
         <subfield code="a">unmediated</subfield>
         <subfield code="b">n</subfield>
         <subfield code="2">rdamedia</subfield>
      </datafield>
      <datafield tag="338" ind1=" " ind2=" ">
         <subfield code="a">volume</subfield>
         <subfield code="b">nc</subfield>
         <subfield code="2">rdacarrier</subfield>
      </datafield>
      <datafield tag="500" ind1=" " ind2=" ">
         <subfield code="a">Each volume has also special t.p.</subfield>
      </datafield>
      <datafield tag="500" ind1=" " ind2=" ">
         <subfield code="a">ISAW copy (Bd. 1-9) is from the Library of Hayim and Miriam Tadmor.</subfield>
         <subfield code="5">NNU</subfield>
      </datafield>
      <datafield tag="505" ind1="0" ind2="0">
         <subfield code="g">1. Bd.</subfield>
         <subfield code="t">Geschichte der Israeliten von ihren Uranfängen (um 1500) bis zum Tode des Königs Salomo (um 977 vorchristl. Zeit).</subfield>
         <subfield code="g">2. verbesserte und ergänzte Auflage /</subfield>
         <subfield code="r">Bearbeitet von M. Brann.</subfield>
         <subfield code="g">[1911] --</subfield>
         <subfield code="g">2. Bd.</subfield>
         <subfield code="t">Geschichte der Israeliten vom Tode des Königs Salomo (um 977 vorchristl. Zeit) bis zum Tode des Juda Makkabi (160).</subfield>
         <subfield code="g">1. Halfte.</subfield>
         <subfield code="t">Vom Tode des Königs Salomo bis zum babylonischen Exile (586).</subfield>
         <subfield code="g">2. vermehrte und verbesserte Auflage /</subfield>
         <subfield code="r">Bearbeitet von M. Brann.</subfield>
         <subfield code="g">1902 --</subfield>
         <subfield code="g">2. Halfte.</subfield>
         <subfield code="t">Vom babylonischen Exile (586) bis zum Tode des Juda Makkabi (160).</subfield>
         <subfield code="g">3. Auflage [1911] --</subfield>
         <subfield code="g">3. Bd., 1-2. Halfte.</subfield>
         <subfield code="t">Geschichte der Judäer von dem Tode Juda Makkabis bis zum Untergange des judäischen Staates.</subfield>
         <subfield code="g">5. verbesserte und vermehrte Auflage /</subfield>
         <subfield code="r">Bearbeitet von M. Brann.</subfield>
         <subfield code="g">1905-06 --</subfield>
         <subfield code="g">4. Bd.</subfield>
         <subfield code="t">Geschichte der Juden vom Untergang des jüdischen Staates bis zum Abschluss des Talmud.</subfield>
         <subfield code="g">4. vermehrte und verbesserte Auflage /</subfield>
         <subfield code="r">Bearbeitet von S. Horovitz.</subfield>
         <subfield code="g">1908 --</subfield>
         <subfield code="g">5. Bd.</subfield>
         <subfield code="t">Geschichte der Juden vom Abschluss des Talmuds (500) bis zum Aufblühen der jüdisch-spanischen Kultur (1027).</subfield>
         <subfield code="g">4. verbesserte und erganzte Auflage /</subfield>
         <subfield code="r">Bearbeitet von S. Eppenstein.</subfield>
         <subfield code="g">1909 --</subfield>
         <subfield code="g">6. Bd.</subfield>
         <subfield code="t">Geschichte der Juden vom Aufblühen der judisch-spanischen Kultur (1027) bis Maimunis Tod.</subfield>
         <subfield code="g">4. Auflage.</subfield>
      </datafield>
      <datafield tag="505" ind1="8" ind2="0">
         <subfield code="g">7. Bd.</subfield>
         <subfield code="t">Geschichte der Juden von Maimunis Tod (1205) bis zur Verbannung der Juden aus Spanien und Portugal.</subfield>
         <subfield code="g">1. Halfte. 4. verbesserte Auflage /</subfield>
         <subfield code="r">Bearbeitet von J. Guttmann --</subfield>
         <subfield code="g">8. Bd.</subfield>
         <subfield code="t">Geschichte der Juden von Maimunis Tod (1205) bis zur Verbannung der Juden aus Spanien und Portugal.</subfield>
         <subfield code="g">2. Halfte. 4. unveranderte Auflage .--</subfield>
         <subfield code="g">9. Bd.</subfield>
         <subfield code="t">Geschichte der Juden von der Verbannung der Juden aus Spanien und Portugal (1494) bis zur dauernden Ansiedelung der Marranen in Holland (1618).</subfield>
         <subfield code="g">4. durchgesehene Auflage --</subfield>
         <subfield code="g">10. Bd.</subfield>
         <subfield code="t">Von der dauernden Ansiedelung der Marranen in Holland (1618) bis zum Beginne der Mendelssohnschen Zeit (1750).</subfield>
         <subfield code="g">3. vermehrte und verbesserte Auflage /</subfield>
         <subfield code="r">Bearbeitet von M. Brann.</subfield>
         <subfield code="g">[1897] --</subfield>
         <subfield code="g">11. Bd.</subfield>
         <subfield code="t">Vom Beginn der Mendelssohnschen Zeit (1750) bis in die neueste Zeit (1848).</subfield>
         <subfield code="g">2. vermehrte und verbesserte Auflage /</subfield>
         <subfield code="r">Bearbeitet von M. Brann.</subfield>
         <subfield code="g">[1900].</subfield>
      </datafield>
      <datafield tag="650" ind1=" " ind2="0">
         <subfield code="a">Jews</subfield>
         <subfield code="x">History.</subfield>
      </datafield>
      <datafield tag="650" ind1=" " ind2="7">
         <subfield code="a">Jews.</subfield>
         <subfield code="2">fast</subfield>
         <subfield code="0">(OCoLC)fst00983135</subfield>
      </datafield>
      <datafield tag="655" ind1=" " ind2="7">
         <subfield code="a">History.</subfield>
         <subfield code="2">fast</subfield>
         <subfield code="0">(OCoLC)fst01411628</subfield>
      </datafield>
      <datafield tag="796" ind1="1" ind2=" ">
         <subfield code="a">Tadmor, Hayim,</subfield>
         <subfield code="e">former owner.</subfield>
      </datafield>
      <datafield tag="796" ind1="1" ind2=" ">
         <subfield code="a">Tadmor, Miriam,</subfield>
         <subfield code="e">former owner.</subfield>
      </datafield>
      <datafield tag="797" ind1="2" ind2=" ">
         <subfield code="a">Tadmor Collection.</subfield>
      </datafield>
      <datafield tag="776" ind1="0" ind2="8">
         <subfield code="i">Online version:</subfield>
         <subfield code="a">Graetz, Heinrich, 1817-1911.</subfield>
         <subfield code="s">Geschichte der Juden von den ältesten Zeiten bis zur Gegenwart.</subfield>
         <subfield code="t">Geschichte der Juden von den ältesten zeiten bis auf die gegenwart.</subfield>
         <subfield code="d">Leipzig, O. Leiner [1897-1911]</subfield>
         <subfield code="w">(OCoLC)615643777</subfield>
      </datafield>
      <datafield tag="994" ind1=" " ind2=" ">
         <subfield code="a">Z0</subfield>
         <subfield code="b">ZYU</subfield>
      </datafield>
      <datafield tag="OWN" ind1=" " ind2=" ">
         <subfield code="a">GENERAL</subfield>
      </datafield>
      <datafield tag="AVA" ind1=" " ind2=" ">
         <subfield code="a">NYU50</subfield>
         <subfield code="b">NISAW</subfield>
         <subfield code="c">Small Collection</subfield>
         <subfield code="d">DS117 .G8 1897</subfield>
         <subfield code="e">available</subfield>
         <subfield code="t">Available</subfield>
         <subfield code="f">11</subfield>
         <subfield code="g">0</subfield>
         <subfield code="h">Y</subfield>
         <subfield code="i">0</subfield>
         <subfield code="j">SMALL</subfield>
         <subfield code="k">0</subfield>
      </datafield>
      <marc:datafield tag="852" ind1=" " ind2=" ">
         <marc:subfield code="b">Institute for the Study of the Ancient World, </marc:subfield>
         <marc:subfield code="c">Small Collection</marc:subfield>
         <marc:subfield code="e">15 East 84th St., </marc:subfield>
         <marc:subfield code="e">New York, NY  10028</marc:subfield>
      </marc:datafield>
   </record>