
  
  
  
  
  
  
  
 
  
  <record xsi:schemaLocation="http://www.loc.gov/MARC21/slim http://www.loc.gov/standards/marcxml/schema/MARC21slim.xsd">
      <leader>00000cam  2200529 i 4500</leader>
      <controlfield tag="FMT">BK</controlfield>
      <controlfield tag="LDR">00000cam  2200529 i 4500</controlfield>
      <controlfield tag="001">004113058</controlfield>
      <controlfield tag="003">OCoLC</controlfield>
      <controlfield tag="005">20150303114819.0</controlfield>
      <controlfield tag="008">150303s2014    fr       b    000 0 fre d</controlfield>
      <datafield tag="020" ind1=" " ind2=" ">
         <subfield code="a">9782916716527</subfield>
      </datafield>
      <datafield tag="020" ind1=" " ind2=" ">
         <subfield code="a">2916716521</subfield>
      </datafield>
      <datafield tag="035" ind1=" " ind2=" ">
         <subfield code="a">(OCoLC)894861040</subfield>
      </datafield>
      <datafield tag="040" ind1=" " ind2=" ">
         <subfield code="a">ERASP</subfield>
         <subfield code="b">eng</subfield>
         <subfield code="e">rda</subfield>
         <subfield code="c">ERASP</subfield>
         <subfield code="d">DDO</subfield>
         <subfield code="d">OCLCO</subfield>
         <subfield code="d">ZCU</subfield>
         <subfield code="d">CGU</subfield>
         <subfield code="d">OCLCF</subfield>
         <subfield code="d">NNU</subfield>
      </datafield>
      <datafield tag="041" ind1="0" ind2=" ">
         <subfield code="a">fre</subfield>
         <subfield code="a">eng</subfield>
      </datafield>
      <datafield tag="050" ind1=" " ind2="4">
         <subfield code="a">K7230.A6</subfield>
         <subfield code="b">I54 2014</subfield>
      </datafield>
      <datafield tag="082" ind1="0" ind2="4">
         <subfield code="a">949.50</subfield>
      </datafield>
      <datafield tag="245" ind1="0" ind2="0">
         <subfield code="a">Inheritance, law and religions in the ancient and mediaeval worlds /</subfield>
         <subfield code="c">edited by Béatrice Caseau &amp; Sabine R. Huebner.</subfield>
      </datafield>
      <datafield tag="264" ind1=" " ind2="1">
         <subfield code="a">Paris :</subfield>
         <subfield code="b">ACHCByz,</subfield>
         <subfield code="c">2014.</subfield>
      </datafield>
      <datafield tag="264" ind1=" " ind2="4">
         <subfield code="c">©2014</subfield>
      </datafield>
      <datafield tag="300" ind1=" " ind2=" ">
         <subfield code="a">271 pages ;</subfield>
         <subfield code="c">24 cm.</subfield>
      </datafield>
      <datafield tag="336" ind1=" " ind2=" ">
         <subfield code="a">text</subfield>
         <subfield code="b">txt</subfield>
         <subfield code="2">rdacontent</subfield>
      </datafield>
      <datafield tag="337" ind1=" " ind2=" ">
         <subfield code="a">unmediated</subfield>
         <subfield code="b">n</subfield>
         <subfield code="2">rdamedia</subfield>
      </datafield>
      <datafield tag="338" ind1=" " ind2=" ">
         <subfield code="a">volume</subfield>
         <subfield code="b">nc</subfield>
         <subfield code="2">rdacarrier</subfield>
      </datafield>
      <datafield tag="490" ind1="1" ind2=" ">
         <subfield code="a">Monographies ;</subfield>
         <subfield code="v">45</subfield>
      </datafield>
      <datafield tag="504" ind1=" " ind2=" ">
         <subfield code="a">Includes bibliographical references.</subfield>
      </datafield>
      <datafield tag="505" ind1="0" ind2="0">
         <subfield code="t">Cross-Cultural Approach to Succession and Inheritance in the Ancient and Mediaeval Mediterranean /</subfield>
         <subfield code="r">Caseau, Béatrice --</subfield>
         <subfield code="r">Huebner, Sabine R. --</subfield>
         <subfield code="g">[Part 1.]</subfield>
         <subfield code="t">Hereditary Rights of the Extramarital Children in light of the law of papyri /</subfield>
         <subfield code="r">Nowak, Maria --</subfield>
         <subfield code="t">Illegitimacy and Inheritance Disputes in the Late Roman Empire /</subfield>
         <subfield code="r">Grubbs, Judith Evans --</subfield>
         <subfield code="t">Égalité entre hommes et femmes dans les waqfiyyāt mamelouks : Un défi à la loi? /</subfield>
         <subfield code="r">Daaïf, Lahcen --</subfield>
         <subfield code="t">Conflit de succession entre heritieres et sentence du parlement royal au XIIIe siècle : la partition du grand comté de Nevers-Auxerre-Tonnerre (Toussaint 1273) /</subfield>
         <subfield code="r">Sassier, Yves --</subfield>
         <subfield code="t">Parentela, kindred, and the crown : Inheritance practices in Árpád-era Hungary /</subfield>
         <subfield code="r">Sutt, Cameron.</subfield>
         <subfield code="g">[Part 2.]</subfield>
         <subfield code="t">Kinship and Conflicts Over Inheritance.</subfield>
         <subfield code="t">Matrilineal kinship in Athenian inheritance disputes: two case studies /</subfield>
         <subfield code="r">Griffith-Williams, Brenda --</subfield>
         <subfield code="t">'It is a difficult matter to be wronged by strangers, but to be wronged by kin is worst of all' : Inheritance and Conflict in Greco-Roman Egypt /</subfield>
         <subfield code="r">Huebner, Sabine R. --</subfield>
         <subfield code="t">Babatha's archive : inheritance disputes in second century Roman Arabia /</subfield>
         <subfield code="r">Rowling, Giles --</subfield>
         <subfield code="t">Towards the Allegory of Idealized Oikos : Nuclear and Extended Family Versions, Succession and Inheritance Issues and Their Cognates in Philo Judaeus /</subfield>
         <subfield code="r">Kalospyros, Nicholas A. E.</subfield>
         <subfield code="g">[Part 3.]</subfield>
         <subfield code="t">Christian Influence Over Partitive Inheritance.</subfield>
         <subfield code="t">For the Poor, the Family, the Friends : Gregory of Nazianzus' Testament in the Context of Early Christian Literature /</subfield>
         <subfield code="r">Vasileiou, Fotis --</subfield>
         <subfield code="t">Conflits d'héritage d'après les tribunaux ecclésiastiques (XIe-XVe s.) /</subfield>
         <subfield code="r">Cheynet, Jean-Claude.</subfield>
      </datafield>
      <datafield tag="505" ind1="8" ind2=" ">
         <subfield code="g">[Part 4.]</subfield>
         <subfield code="t">Inheriting Power.</subfield>
         <subfield code="t">Unequal Brothers : An Exploration of a Succession Strategy of Augustus /</subfield>
         <subfield code="r">Gartrell, Amber --</subfield>
         <subfield code="t">Pouvoir, religion et conflits familiaux à Byzance autour du IXe siècle /</subfield>
         <subfield code="r">Settipani, Christian --</subfield>
         <subfield code="t">Inceste, meurtre en famille et guerres civiles : L'héritier, la famille et la dynastie mérovingiens au début du VIe siècle /</subfield>
         <subfield code="r">Lubich, Gerhard.</subfield>
         <subfield code="g">[Part 5.]</subfield>
         <subfield code="t">Testaments.</subfield>
         <subfield code="t">Late Roman Law of Inheritance : the Testament of Five or Seven Witnesses /</subfield>
         <subfield code="r">Sánchez-Moreno Ellart, Carlos --</subfield>
         <subfield code="t">Partitive Inheritance in Principle and in Practice in Eleventh-Century Byzantium /</subfield>
         <subfield code="r">Howard-Johnston, James.</subfield>
      </datafield>
      <datafield tag="546" ind1=" " ind2=" ">
         <subfield code="a">Twelve contributions in English, 5 in French,</subfield>
      </datafield>
      <datafield tag="650" ind1=" " ind2="0">
         <subfield code="a">Inheritance and succession</subfield>
         <subfield code="x">History</subfield>
         <subfield code="v">Congresses.</subfield>
      </datafield>
      <datafield tag="650" ind1=" " ind2="0">
         <subfield code="a">Inheritance and succession (Roman law)</subfield>
         <subfield code="v">Congresses.</subfield>
      </datafield>
      <datafield tag="650" ind1=" " ind2="0">
         <subfield code="a">Inheritance and succession (Byzantine law)</subfield>
         <subfield code="v">Congresses.</subfield>
      </datafield>
      <datafield tag="650" ind1=" " ind2="0">
         <subfield code="a">Inheritance and succession (Islamic law)</subfield>
         <subfield code="v">Congresses.</subfield>
      </datafield>
      <datafield tag="650" ind1=" " ind2="0">
         <subfield code="a">Inheritance and succession (Jewish law)</subfield>
         <subfield code="v">Congresses.</subfield>
      </datafield>
      <datafield tag="650" ind1=" " ind2="7">
         <subfield code="a">Inheritance and succession.</subfield>
         <subfield code="2">fast</subfield>
         <subfield code="0">(OCoLC)fst00973371</subfield>
      </datafield>
      <datafield tag="650" ind1=" " ind2="7">
         <subfield code="a">Inheritance and succession (Byzantine law)</subfield>
         <subfield code="2">fast</subfield>
         <subfield code="0">(OCoLC)fst00973391</subfield>
      </datafield>
      <datafield tag="650" ind1=" " ind2="7">
         <subfield code="a">Inheritance and succession (Islamic law)</subfield>
         <subfield code="2">fast</subfield>
         <subfield code="0">(OCoLC)fst00973401</subfield>
      </datafield>
      <datafield tag="650" ind1=" " ind2="7">
         <subfield code="a">Inheritance and succession (Jewish law)</subfield>
         <subfield code="2">fast</subfield>
         <subfield code="0">(OCoLC)fst00973402</subfield>
      </datafield>
      <datafield tag="650" ind1=" " ind2="7">
         <subfield code="a">Inheritance and succession (Roman law)</subfield>
         <subfield code="2">fast</subfield>
         <subfield code="0">(OCoLC)fst00973411</subfield>
      </datafield>
      <datafield tag="655" ind1=" " ind2="7">
         <subfield code="a">Conference proceedings.</subfield>
         <subfield code="2">fast</subfield>
         <subfield code="0">(OCoLC)fst01423772</subfield>
      </datafield>
      <datafield tag="655" ind1=" " ind2="7">
         <subfield code="a">History.</subfield>
         <subfield code="2">fast</subfield>
         <subfield code="0">(OCoLC)fst01411628</subfield>
      </datafield>
      <datafield tag="700" ind1="1" ind2=" ">
         <subfield code="a">Caseau-Chevallier, Béatrice</subfield>
         <subfield code="e">editor of compilation.</subfield>
      </datafield>
      <datafield tag="700" ind1="1" ind2=" ">
         <subfield code="a">Huebner, Sabine R.,</subfield>
         <subfield code="d">1976-</subfield>
         <subfield code="e">editor of compilation.</subfield>
      </datafield>
      <datafield tag="830" ind1=" " ind2="0">
         <subfield code="a">Monographies (Centre de recherche d'histoire et civilisation de Byzance (Paris, France)) ;</subfield>
         <subfield code="v">45.</subfield>
      </datafield>
      <datafield tag="994" ind1=" " ind2=" ">
         <subfield code="a">Z0</subfield>
         <subfield code="b">ZYU</subfield>
      </datafield>
      <datafield tag="OWN" ind1=" " ind2=" ">
         <subfield code="a">GENERAL</subfield>
      </datafield>
      <datafield tag="AVA" ind1=" " ind2=" ">
         <subfield code="a">NYU50</subfield>
         <subfield code="b">NISAW</subfield>
         <subfield code="c">Small Collection</subfield>
         <subfield code="d">K7230.A6 I54 2014</subfield>
         <subfield code="e">available</subfield>
         <subfield code="t">Available</subfield>
         <subfield code="f">1</subfield>
         <subfield code="g">0</subfield>
         <subfield code="h">N</subfield>
         <subfield code="i">0</subfield>
         <subfield code="j">SMALL</subfield>
         <subfield code="k">0</subfield>
      </datafield>
      <marc:datafield tag="852" ind1=" " ind2=" ">
         <marc:subfield code="b">Institute for the Study of the Ancient World, </marc:subfield>
         <marc:subfield code="c">Small Collection</marc:subfield>
         <marc:subfield code="e">15 East 84th St., </marc:subfield>
         <marc:subfield code="e">New York, NY  10028</marc:subfield>
      </marc:datafield>
   </record>