
  
  
  
  
  
 
  
  <record xsi:schemaLocation="http://www.loc.gov/MARC21/slim http://www.loc.gov/standards/marcxml/schema/MARC21slim.xsd">
      <leader>00000cam  2200397 i 4500</leader>
      <controlfield tag="FMT">BK</controlfield>
      <controlfield tag="LDR">00000cam  2200397 i 4500</controlfield>
      <controlfield tag="001">004113081</controlfield>
      <controlfield tag="003">OCoLC</controlfield>
      <controlfield tag="005">20150303133505.0</controlfield>
      <controlfield tag="008">150303t20142014fr abe   b    010 0 fre d</controlfield>
      <datafield tag="016" ind1="7" ind2=" ">
         <subfield code="a">016918631</subfield>
         <subfield code="2">Uk</subfield>
      </datafield>
      <datafield tag="020" ind1=" " ind2=" ">
         <subfield code="a">9782916716510</subfield>
      </datafield>
      <datafield tag="020" ind1=" " ind2=" ">
         <subfield code="a">2916716513</subfield>
      </datafield>
      <datafield tag="035" ind1=" " ind2=" ">
         <subfield code="a">(OCoLC)892825706</subfield>
         <subfield code="z">(OCoLC)894302198</subfield>
      </datafield>
      <datafield tag="040" ind1=" " ind2=" ">
         <subfield code="a">ERASP</subfield>
         <subfield code="b">eng</subfield>
         <subfield code="e">rda</subfield>
         <subfield code="c">ERASP</subfield>
         <subfield code="d">UMC</subfield>
         <subfield code="d">C3L</subfield>
         <subfield code="d">NLGGC</subfield>
         <subfield code="d">CHVBK</subfield>
         <subfield code="d">UKMGB</subfield>
         <subfield code="d">YDXCP</subfield>
         <subfield code="d">NNU</subfield>
      </datafield>
      <datafield tag="041" ind1="0" ind2=" ">
         <subfield code="a">fre</subfield>
         <subfield code="a">eng</subfield>
      </datafield>
      <datafield tag="043" ind1=" " ind2=" ">
         <subfield code="a">e-urk--</subfield>
      </datafield>
      <datafield tag="050" ind1=" " ind2="4">
         <subfield code="a">DK509</subfield>
         <subfield code="b">.M39 2014</subfield>
      </datafield>
      <datafield tag="082" ind1="0" ind2="4">
         <subfield code="a">949.50</subfield>
      </datafield>
      <datafield tag="245" ind1="0" ind2="0">
         <subfield code="a">Mélanges Jean-Pierre Mahé /</subfield>
         <subfield code="c">édités par Aram Mardirossian, Agnès Ouzounian, Constantin Zuckerman.</subfield>
      </datafield>
      <datafield tag="264" ind1=" " ind2="1">
         <subfield code="a">Paris :</subfield>
         <subfield code="b">Association des Amis du Centre d'Histoire &amp; civilisation de Byzance,</subfield>
         <subfield code="c">2014.</subfield>
      </datafield>
      <datafield tag="264" ind1=" " ind2="4">
         <subfield code="c">©2014</subfield>
      </datafield>
      <datafield tag="300" ind1=" " ind2=" ">
         <subfield code="a">xxxii, 854 pages :</subfield>
         <subfield code="b">illustrations, maps, plans ;</subfield>
         <subfield code="c">25 cm.</subfield>
      </datafield>
      <datafield tag="336" ind1=" " ind2=" ">
         <subfield code="a">text</subfield>
         <subfield code="b">txt</subfield>
         <subfield code="2">rdacontent</subfield>
      </datafield>
      <datafield tag="337" ind1=" " ind2=" ">
         <subfield code="a">unmediated</subfield>
         <subfield code="b">n</subfield>
         <subfield code="2">rdamedia</subfield>
      </datafield>
      <datafield tag="338" ind1=" " ind2=" ">
         <subfield code="a">volume</subfield>
         <subfield code="b">nc</subfield>
         <subfield code="2">rdacarrier</subfield>
      </datafield>
      <datafield tag="490" ind1="1" ind2=" ">
         <subfield code="a">Travaux et mémoires,</subfield>
         <subfield code="x">0577-1471 ;</subfield>
         <subfield code="v">18</subfield>
      </datafield>
      <datafield tag="504" ind1=" " ind2=" ">
         <subfield code="a">Includes bibliographical references.</subfield>
      </datafield>
      <datafield tag="504" ind1=" " ind2=" ">
         <subfield code="a">"Bibliographie des travaux de Jean-Pierre Mahé"--pages xv-xxxii.</subfield>
      </datafield>
      <datafield tag="505" ind1="0" ind2="0">
         <subfield code="t">Hommages à Jean-Pierre Mahé --</subfield>
         <subfield code="t">Tabula gratulatoria --</subfield>
         <subfield code="t">Abréviations --</subfield>
         <subfield code="t">Bibliographie des travaux de Jean-Pierre Mahé de 1970 à 2014 --</subfield>
         <subfield code="t">Place of Georgia between the civilizations of East and West in the view of two medieval Georgian authors /</subfield>
         <subfield code="r">Aleksidze, Zaza --</subfield>
         <subfield code="t">Chaldean Oracles in Ioane Petritsi’s Commentary on Proclus’ Elements of theology /</subfield>
         <subfield code="r">Alexidze, Lela --</subfield>
         <subfield code="t">Aventures de Philarète : un roman hermétique au XVIIe siècle /</subfield>
         <subfield code="r">Armogathe, Jean-Robert --</subfield>
         <subfield code="t">Éléments iconographiques de la cité céleste dans les Tables de Canons des évangiles arméniens du haut et du bas Moyen Âge /</subfield>
         <subfield code="r">Amirkhanian-Mézrakian, Rouzanna --</subfield>
         <subfield code="t">Influence grecque sur la théorie de la musique arménienne de Spiridon Mélikian cent ans après /</subfield>
         <subfield code="r">Arevshatian, Anna --</subfield>
         <subfield code="t">Lieux de mémoire des princes Ōrbēlean : mémoire écrite, mémoire inscrite /</subfield>
         <subfield code="r">Augé, Isabelle --</subfield>
         <subfield code="t">Ville, l’homme et les lettres /</subfield>
         <subfield code="r">Baladian, Ani T. --</subfield>
         <subfield code="t">Kostandin Erznkac’I’s vision-poem: who bestow poetic grace and how? /</subfield>
         <subfield code="r">Bardakjian, Kevork B. --</subfield>
         <subfield code="t">Précis de géographie du monde indien à l’usage des commerçants : édition et traduction annotée /</subfield>
         <subfield code="r">Boisson, Patricia --</subfield>
         <subfield code="t">À la recherche de l’”âme païenne” des Arméniens : Avétis Aharonian, Les anciennes croyances arméniennes (1913) et La cité antique de Fustel de Coulanges (1864) /</subfield>
         <subfield code="r">Calzolari, Valentina --</subfield>
         <subfield code="t">Quand Jean parle de Pierre /</subfield>
         <subfield code="r">Chétanian, Rose Varteni --</subfield>
         <subfield code="t">Arméniens dans l’armée byzantine au Xe siècle /</subfield>
         <subfield code="r">Cheynet, Jean-Claude --</subfield>
         <subfield code="t">Tertullien dans L’Histoire ecclésiastique de Claude Fleury /</subfield>
         <subfield code="r">Cuche, François-Xavier --</subfield>
         <subfield code="t">Mahasberd retrouvée /</subfield>
         <subfield code="r">Dangles, Philippe --</subfield>
         <subfield code="t">Autour d’Ašot III le Miséricordieux (952/953-977) /</subfield>
         <subfield code="r">Dédéyan, Gérard --</subfield>
         <subfield code="t">Ereruyk‘ : nouvelles données sur l’histoire du site et de la basilique /</subfield>
         <subfield code="r">Donabédian, Patrick --</subfield>
      </datafield>
      <datafield tag="505" ind1="8" ind2="0">
         <subfield code="t">Cave of the Nativity revisited: memory of the primæval beings in the Armenian Lord’s Infancy and cognate sources /</subfield>
         <subfield code="r">Dorfmann-Lazarev, Igor --</subfield>
         <subfield code="t">Souvenirs évanouis de Byzance au trésor de Sainte-Aldegonde à Maubeuge /</subfield>
         <subfield code="r">Durand, Jannic --</subfield>
         <subfield code="t">Jérusalem du ive siècle et le récit de la conversion de l’Arménie /</subfield>
         <subfield code="r">Garibian, Nazénie --</subfield>
         <subfield code="t">Mer hołer /</subfield>
         <subfield code="r">Garsoïan, Nina --</subfield>
         <subfield code="t">“Imagined past, revealed present”: a reassessment of Patmowt’iwn Tarōnoy (History of Tarōn) /</subfield>
         <subfield code="r">Greenwood, Tim --</subfield>
         <subfield code="t">Rapport de M.-F. Brosset sur deux candidats au poste de professeur de langue et littérature arméniennes (1840) /</subfield>
         <subfield code="r">Ketcheyan, Léon --</subfield>
         <subfield code="t">Note sur une inscription rescapée /</subfield>
         <subfield code="r">Kévonian, Kéram--</subfield>
         <subfield code="t">Arménien iwr et hiwr, grec hetairos : le “soi” et le “sien”, l’”hôte” et le “compagnon” /</subfield>
         <subfield code="r">de Lamberterie, Charles --</subfield>
         <subfield code="t">De l’Albanétie à l’Arménie : la destinée des Canons du roi Vač‘agan /</subfield>
         <subfield code="r">Mardirossian, Aram --</subfield>
         <subfield code="t">Trois versions géorgiennes anciennes de la Vie d’Anastasie la Patrice /</subfield>
         <subfield code="r">Mirachvili-Springer, Nana --</subfield>
         <subfield code="t">Visites arméniennes aux souverains mongols (1240-1305) /</subfield>
         <subfield code="r">Mutafian, Claude --</subfield>
         <subfield code="t">Plus ancien fragment géorgien de la Caverne des trésors /</subfield>
         <subfield code="r">Outtier, Bernard --</subfield>
         <subfield code="t">Note à propos d’une citation néo-testamentaire dans le Martyre de Šušanik /</subfield>
         <subfield code="r">Ouzounian, Agnès --</subfield>
         <subfield code="t">Salomon en Haute-Égypte : les jarres (hudria) de Salomon dans le Témoignage véritable (NH IX 70,8b-30) et l’Écrit sans titre sur l’origine du monde (NH II 122,16b-20) /</subfield>
         <subfield code="r">Painchaud, Louis --</subfield>
         <subfield code="t">Marie et le glaive (Luc 2,34-35) : à propos d’Éphrem, In Diatessaron II, 17 /</subfield>
         <subfield code="r">Poirier, Paul-Hubert --</subfield>
         <subfield code="t">Pour une évaluation de l’Épitomè anonyme d’histoires ecclésiastiques : confrontation des trois historiens sources, de la Tripartite de Théodore le Lecteur et de celle de Cassiodore /</subfield>
         <subfield code="r">Pouderon, Bernard --</subfield>
      </datafield>
      <datafield tag="505" ind1="8" ind2="0">
         <subfield code="t">Mots et images au service du Verbe : légendes, annotations et paroles dans les évangiles de Vehap‘aṙ (XIe siècle) /</subfield>
         <subfield code="r">Rapti, Ioanna --</subfield>
         <subfield code="t">Hymnaire Parakanon Érévan 6885 : le canon de la fête de la Présentation du Seigneur /</subfield>
         <subfield code="r">Renoux, Charles --</subfield>
         <subfield code="t">Pièges et filets dans les écrits gnostiques de Nag Hammadi et la littérature manichéenne du Fayoum /</subfield>
         <subfield code="r">Scopello, Madeleine --</subfield>
         <subfield code="t">How many Sełbestroses? /</subfield>
         <subfield code="r">Stone, Michael E. --</subfield>
         <subfield code="t">Compounded interpolation in Koriwn’s Life of Maštoc‘ /</subfield>
         <subfield code="r">Terian, Abraham --</subfield>
         <subfield code="t">Dadrag ou Mcho Kéram, observateur lucide d’un désastre annoncé /</subfield>
         <subfield code="r">Ter Minassian, Anahide --</subfield>
         <subfield code="t">Conversion des Ibères du Caucase et adhésion au Christ Dieu /</subfield>
         <subfield code="r">Thelamon, Françoise --</subfield>
         <subfield code="t">Découverte de la citadelle de Koron / Thierry, Nicole --</subfield>
         <subfield code="t">Arabic in Armenia before the tenth century /</subfield>
         <subfield code="r">Thomson, Robert W. --</subfield>
         <subfield code="t">Décor sculpté de l’église de la Sainte-Croix d’Ałt‘amar : les sujets bibliques de la frise de la vigne /</subfield>
         <subfield code="r">Vardanyan, Edda --</subfield>
         <subfield code="t">Invention de l’alphabet arménien et sa fonction de modèle dans les procès d’acculturation de l’Arménie et de la Subcaucasie /</subfield>
         <subfield code="r">Zekiyan, Boghos Levon --</subfield>
         <subfield code="t">Sur les destinataires arméniens de deux lettres rédigées par Théodore Daphnopatès /</subfield>
         <subfield code="r">Zuckerman, Constantin.</subfield>
         <subfield code="g">Dossier.</subfield>
         <subfield code="t">Anania Mokac‘I : Trois opuscules /</subfield>
         <subfield code="r">Boisson, Patricia --</subfield>
         <subfield code="r">Mardirossian, Aram --</subfield>
         <subfield code="r">Ouzounian, Agnès --</subfield>
         <subfield code="t">Catholicos Anania of Mokk‘ on himself and on Armenia’s rulers /</subfield>
         <subfield code="r">Zuckerman, Constantin.</subfield>
      </datafield>
      <datafield tag="546" ind1=" " ind2=" ">
         <subfield code="a">Contributions in French or English.</subfield>
      </datafield>
      <datafield tag="600" ind1="1" ind2="4">
         <subfield code="a">Mahé, Jean-Pierre.</subfield>
         <subfield code="0">(NL-LeOCL)06879150X</subfield>
      </datafield>
      <datafield tag="651" ind1=" " ind2="0">
         <subfield code="a">Caucasus</subfield>
         <subfield code="x">History.</subfield>
      </datafield>
      <datafield tag="651" ind1=" " ind2="0">
         <subfield code="a">Caucasus</subfield>
         <subfield code="x">Civilization.</subfield>
      </datafield>
      <datafield tag="651" ind1=" " ind2="0">
         <subfield code="a">Caucasus</subfield>
         <subfield code="x">Antiquities.</subfield>
      </datafield>
      <datafield tag="650" ind1=" " ind2="0">
         <subfield code="a">Armenians</subfield>
         <subfield code="x">History.</subfield>
      </datafield>
      <datafield tag="600" ind1="1" ind2="7">
         <subfield code="a">Mahé, Jean-Pierre.</subfield>
         <subfield code="2">idsbb</subfield>
      </datafield>
      <datafield tag="700" ind1="1" ind2=" ">
         <subfield code="a">Mardirossian, Aram</subfield>
         <subfield code="e">editor of compilation.</subfield>
      </datafield>
      <datafield tag="700" ind1="1" ind2=" ">
         <subfield code="a">Ouzounian, Agnès</subfield>
         <subfield code="e">editor of compilation.</subfield>
      </datafield>
      <datafield tag="700" ind1="1" ind2=" ">
         <subfield code="a">Zuckerman, C.</subfield>
         <subfield code="q">(Constantin)</subfield>
         <subfield code="e">editor of compilation.</subfield>
      </datafield>
      <datafield tag="700" ind1="1" ind2=" ">
         <subfield code="a">Mahé, Jean-Pierre</subfield>
         <subfield code="e">honoree.</subfield>
      </datafield>
      <datafield tag="830" ind1=" " ind2="0">
         <subfield code="a">Travaux et mémoires du Centre de recherche d'histoire et civilisation de Byzance.</subfield>
         <subfield code="p">Monographies ;</subfield>
         <subfield code="v">18</subfield>
      </datafield>
      <datafield tag="994" ind1=" " ind2=" ">
         <subfield code="a">Z0</subfield>
         <subfield code="b">ZYU</subfield>
      </datafield>
      <datafield tag="OWN" ind1=" " ind2=" ">
         <subfield code="a">GENERAL</subfield>
      </datafield>
      <datafield tag="AVA" ind1=" " ind2=" ">
         <subfield code="a">NYU50</subfield>
         <subfield code="b">NISAW</subfield>
         <subfield code="c">Small Collection</subfield>
         <subfield code="d">DK509 .M39 2014</subfield>
         <subfield code="e">available</subfield>
         <subfield code="t">Available</subfield>
         <subfield code="f">1</subfield>
         <subfield code="g">0</subfield>
         <subfield code="h">N</subfield>
         <subfield code="i">0</subfield>
         <subfield code="j">SMALL</subfield>
         <subfield code="k">0</subfield>
      </datafield>
      <marc:datafield tag="852" ind1=" " ind2=" ">
         <marc:subfield code="b">Institute for the Study of the Ancient World, </marc:subfield>
         <marc:subfield code="c">Small Collection</marc:subfield>
         <marc:subfield code="e">15 East 84th St., </marc:subfield>
         <marc:subfield code="e">New York, NY  10028</marc:subfield>
      </marc:datafield>
   </record>