
  
  
  
  
  
 
  
  <record xsi:schemaLocation="http://www.loc.gov/MARC21/slim http://www.loc.gov/standards/marcxml/schema/MARC21slim.xsd">
      <leader>00000cam  2200481 i 4500</leader>
      <controlfield tag="FMT">BK</controlfield>
      <controlfield tag="LDR">00000cam  2200481 i 4500</controlfield>
      <controlfield tag="001">004113085</controlfield>
      <controlfield tag="003">OCoLC</controlfield>
      <controlfield tag="005">20150303134605.0</controlfield>
      <controlfield tag="008">150303s2014    fr            000 0 fre d</controlfield>
      <datafield tag="020" ind1=" " ind2=" ">
         <subfield code="a">9782916716411</subfield>
      </datafield>
      <datafield tag="020" ind1=" " ind2=" ">
         <subfield code="a">2916716416</subfield>
      </datafield>
      <datafield tag="035" ind1=" " ind2=" ">
         <subfield code="a">(OCoLC)894861041</subfield>
      </datafield>
      <datafield tag="040" ind1=" " ind2=" ">
         <subfield code="a">ERASP</subfield>
         <subfield code="b">eng</subfield>
         <subfield code="c">ERASP</subfield>
         <subfield code="d">C3L</subfield>
         <subfield code="d">OCLCO</subfield>
         <subfield code="d">DDO</subfield>
         <subfield code="d">OCLCO</subfield>
         <subfield code="d">AUXAM</subfield>
         <subfield code="d">COO</subfield>
         <subfield code="d">OCLCF</subfield>
         <subfield code="d">NNU</subfield>
      </datafield>
      <datafield tag="041" ind1="0" ind2=" ">
         <subfield code="a">fre</subfield>
         <subfield code="a">ita</subfield>
      </datafield>
      <datafield tag="043" ind1=" " ind2=" ">
         <subfield code="a">e-it---</subfield>
         <subfield code="a">mm-----</subfield>
      </datafield>
      <datafield tag="050" ind1=" " ind2="4">
         <subfield code="a">DG405</subfield>
         <subfield code="b">.M37 2014</subfield>
      </datafield>
      <datafield tag="082" ind1="0" ind2="4">
         <subfield code="a">949.50</subfield>
      </datafield>
      <datafield tag="100" ind1="1" ind2=" ">
         <subfield code="a">Martin, Jean-Marie,</subfield>
         <subfield code="d">1938-</subfield>
         <subfield code="e">author.</subfield>
      </datafield>
      <datafield tag="245" ind1="1" ind2="0">
         <subfield code="a">Byzance et l'Italie méridionale /</subfield>
         <subfield code="c">Jean-Marie Martin.</subfield>
      </datafield>
      <datafield tag="264" ind1=" " ind2="1">
         <subfield code="a">Paris :</subfield>
         <subfield code="b">Association des amis du Centre d'histoire &amp; civilisation de Byzance,</subfield>
         <subfield code="c">2014.</subfield>
      </datafield>
      <datafield tag="300" ind1=" " ind2=" ">
         <subfield code="a">628 p.</subfield>
      </datafield>
      <datafield tag="490" ind1="1" ind2=" ">
         <subfield code="a">Bilans de recherche,</subfield>
         <subfield code="x">1953-2326 ;</subfield>
         <subfield code="v">9</subfield>
      </datafield>
      <datafield tag="520" ind1="8" ind2=" ">
         <subfield code="a">Ce volume présente la réédition de trente articles, contributions à des colloques et à d'autres volumes collectifs, publiés entre 1980 et 2009, et rassemblés de façon thématique, indépendamment de la date de leur première publication. Ils sont regroupés en deux sections ; la première (nos 1-12) a pour objet l'Italie méridionale byzantine et l'action de l'Empire et de l'Église byzantine dans cette région ; la seconde (nos 13-30) est consacrée à certains aspects de l'histoire médiévale de l'Italie méridionale, lombarde et normande aussi bien que byzantine, et regroupe des textes qui concernent l'économie (nos 13-18), la société - du droit personnel aux pratiques sociales (nos 19-22), certains éléments institutionnels (nos 23-25), enfin quelques aspects de l'histoire religieuse - du culte des images à l'hagiographie et aux cartulaires (nos 26-30). On s'est efforcé de mettre à jour la bibliographie et, parfois, de mettre en perspective certains points qui ont fait l'objet de recherches ultérieures.</subfield>
      </datafield>
      <datafield tag="504" ind1=" " ind2=" ">
         <subfield code="a">Includes bibliographical references and index.</subfield>
      </datafield>
      <datafield tag="505" ind1="0" ind2="0">
         <subfield code="g"/>
         <subfield code="g">I.</subfield>
         <subfield code="t">Byzance en Italie.</subfield>
         <subfield code="t">Economia naturale ed economia monetaria nell’Italia meridionale longobarda e bizantina --</subfield>
         <subfield code="t">Une origine calabraise pour la Grecìa salentine? --</subfield>
         <subfield code="t">Troia et son territoire au XIe siècle --</subfield>
         <subfield code="t">Kinnamos episkopos-Cennamus episcopus : aux avant-postes de l’hellénisme sud-italien vers l’an mil --</subfield>
         <subfield code="t">Léon, archevêque de Calabre, l’Église de Reggio et la lettre de Photius (Grumel-Darrouzès n° 562) --</subfield>
         <subfield code="t">Chartula in tumbo scripta, bolumen chartacium : le papyrus dans les duchés tyrrhéniens pendant le haut Moyen Âge --</subfield>
         <subfield code="t">L’Occident chrétien dans le Livre des Cérémonies, II, 48 --</subfield>
         <subfield code="t">Hellénisme et présence byzantine en Italie méridionale (VIIe-XIIIe siècle) --</subfield>
         <subfield code="t">Jean, archevêque de Trani et de Siponto, syncelle imperial --</subfield>
         <subfield code="t">Hellénisme politique, hellénisme religieux et pseudo-hellénisme à Naples (VIIe-XIIe siècle) --</subfield>
         <subfield code="t">Grégoire le Grand et l’Italie --</subfield>
         <subfield code="t">Les thèmes italiens : territoire, population, administration.</subfield>
         <subfield code="g">II. Italie méridionale.</subfield>
         <subfield code="g">A.</subfield>
         <subfield code="t">Économie.</subfield>
         <subfield code="t">Modalités de l’” incastellamento” et typologie castrale en Italie méridionale (Xe-XIIe siècle) --</subfield>
         <subfield code="t">Le travail agricole : rythmes, corvées, outillage --</subfield>
         <subfield code="t">Le domaine royal de Mesagne aux XIIe et XIIIe siècles --</subfield>
         <subfield code="t">Perception et description du paysage rural dans les actes notariés sud-italiens (IXe-XIIe siècle) --</subfield>
         <subfield code="t">I contratti agrari altomedievali di area campana --</subfield>
         <subfield code="t">Les débuts de la transhumance : économie et habitat en Capitanate.</subfield>
         <subfield code="g">B.</subfield>
         <subfield code="t">Société.</subfield>
         <subfield code="t">L’esclavage en Pouille (fin du xe siècle – milieu du XIIIe siècle) --</subfield>
         <subfield code="t">Aristocraties et seigneuries en Italie méridionale aux XIe et XIIe siècles : essai de typologie --</subfield>
         <subfield code="t">Le droit lombard en Italie méridionale (IXe-XIIIe siècle) : interprétations locales et expansion --</subfield>
         <subfield code="t">Les bains dans l’Italie méridionale au Moyen Âge (VIIe-XIIIe siècle).</subfield>
      </datafield>
      <datafield tag="505" ind1="8" ind2="0">
         <subfield code="g"/>
         <subfield code="g">C.</subfield>
         <subfield code="t">Politique.</subfield>
         <subfield code="t">Éléments préféodaux dans les principautés de Bénévent et de Capoue (fin du VIIIe siècle-début du XIe siècle) : modalités de privatisation du pouvoir --</subfield>
         <subfield code="t">Les actes des souverains francs concernant l’Italie méridionale (VIIIe-XIIe siècle) --</subfield>
         <subfield code="t">Les institutions politico-administratives liées à la conquête. Le duché.</subfield>
         <subfield code="g">D.</subfield>
         <subfield code="t">Histoire religieuse.</subfield>
         <subfield code="t">Quelques remarques sur le culte des images en Italie méridionale pendant le haut Moyen Âge --</subfield>
         <subfield code="t">Le rôle de l’Église de Naples dans le Midi : à propos de deux assemblées ecclésiastiques du IXe siècle et de leurs actes --</subfield>
         <subfield code="t">Le Mont-Cassin, saint Placide et les Arabes de Sicile selon Pierre Diacre --</subfield>
         <subfield code="t">L’axe Mont Saint-Michel/Mont Gargan a-t-il existé au Moyen Âge? --</subfield>
         <subfield code="t">Occasions et modalités du remploi dans les cartulaires-chroniques de l’Italie méridionale.</subfield>
      </datafield>
      <datafield tag="651" ind1=" " ind2="0">
         <subfield code="a">Italy</subfield>
         <subfield code="x">History</subfield>
         <subfield code="y">476-1492.</subfield>
      </datafield>
      <datafield tag="651" ind1=" " ind2="0">
         <subfield code="a">Italy, Southern</subfield>
         <subfield code="x">History</subfield>
         <subfield code="y">535-1268.</subfield>
      </datafield>
      <datafield tag="651" ind1=" " ind2="0">
         <subfield code="a">Byzantine Empire</subfield>
         <subfield code="x">History</subfield>
         <subfield code="y">527-1081.</subfield>
      </datafield>
      <datafield tag="651" ind1=" " ind2="0">
         <subfield code="a">Byzantine Empire</subfield>
         <subfield code="x">Relations</subfield>
         <subfield code="z">Italy.</subfield>
      </datafield>
      <datafield tag="651" ind1=" " ind2="0">
         <subfield code="a">Italy</subfield>
         <subfield code="x">Relations</subfield>
         <subfield code="z">Byzantine Empire.</subfield>
      </datafield>
      <datafield tag="650" ind1=" " ind2="0">
         <subfield code="a">Civilization, Medieval.</subfield>
      </datafield>
      <datafield tag="650" ind1=" " ind2="7">
         <subfield code="a">Civilization, Medieval.</subfield>
         <subfield code="2">fast</subfield>
         <subfield code="0">(OCoLC)fst00863049</subfield>
      </datafield>
      <datafield tag="651" ind1=" " ind2="7">
         <subfield code="a">Byzantine Empire.</subfield>
         <subfield code="2">fast</subfield>
         <subfield code="0">(OCoLC)fst01209292</subfield>
      </datafield>
      <datafield tag="651" ind1=" " ind2="7">
         <subfield code="a">Italy.</subfield>
         <subfield code="2">fast</subfield>
         <subfield code="0">(OCoLC)fst01204565</subfield>
      </datafield>
      <datafield tag="651" ind1=" " ind2="7">
         <subfield code="a">Italy, Southern.</subfield>
         <subfield code="2">fast</subfield>
         <subfield code="0">(OCoLC)fst01692644</subfield>
      </datafield>
      <datafield tag="648" ind1=" " ind2="7">
         <subfield code="a">476 - 1492</subfield>
         <subfield code="2">fast</subfield>
      </datafield>
      <datafield tag="655" ind1=" " ind2="7">
         <subfield code="a">History.</subfield>
         <subfield code="2">fast</subfield>
         <subfield code="0">(OCoLC)fst01411628</subfield>
      </datafield>
      <datafield tag="830" ind1=" " ind2="0">
         <subfield code="a">Bilans de recherche ;</subfield>
         <subfield code="v">9.</subfield>
      </datafield>
      <datafield tag="994" ind1=" " ind2=" ">
         <subfield code="a">Z0</subfield>
         <subfield code="b">ZYU</subfield>
      </datafield>
      <datafield tag="OWN" ind1=" " ind2=" ">
         <subfield code="a">GENERAL</subfield>
      </datafield>
      <datafield tag="AVA" ind1=" " ind2=" ">
         <subfield code="a">NYU50</subfield>
         <subfield code="b">NISAW</subfield>
         <subfield code="c">Small Collection</subfield>
         <subfield code="d">DG405 .M37 2014</subfield>
         <subfield code="e">available</subfield>
         <subfield code="t">Available</subfield>
         <subfield code="f">1</subfield>
         <subfield code="g">0</subfield>
         <subfield code="h">N</subfield>
         <subfield code="i">0</subfield>
         <subfield code="j">SMALL</subfield>
         <subfield code="k">0</subfield>
      </datafield>
      <marc:datafield tag="852" ind1=" " ind2=" ">
         <marc:subfield code="b">Institute for the Study of the Ancient World, </marc:subfield>
         <marc:subfield code="c">Small Collection</marc:subfield>
         <marc:subfield code="e">15 East 84th St., </marc:subfield>
         <marc:subfield code="e">New York, NY  10028</marc:subfield>
      </marc:datafield>
   </record>