
  
  
  
  
  
  
 
  
  <record xsi:schemaLocation="http://www.loc.gov/MARC21/slim http://www.loc.gov/standards/marcxml/schema/MARC21slim.xsd">
      <leader>00000cam  2200289 a 4500</leader>
      <controlfield tag="FMT">BK</controlfield>
      <controlfield tag="LDR">00000cam  2200289 a 4500</controlfield>
      <controlfield tag="001">004112668</controlfield>
      <controlfield tag="003">OCoLC</controlfield>
      <controlfield tag="005">20150303103146.0</controlfield>
      <controlfield tag="008">150302s2014    fr abe   b    100 0 fre d</controlfield>
      <datafield tag="020" ind1=" " ind2=" ">
         <subfield code="a">9782877725798 (pbk.)</subfield>
      </datafield>
      <datafield tag="020" ind1=" " ind2=" ">
         <subfield code="a">2877725790 (pbk.)</subfield>
      </datafield>
      <datafield tag="035" ind1=" " ind2=" ">
         <subfield code="a">(OCoLC)893852577</subfield>
      </datafield>
      <datafield tag="040" ind1=" " ind2=" ">
         <subfield code="a">AUXAM</subfield>
         <subfield code="b">eng</subfield>
         <subfield code="c">AUXAM</subfield>
         <subfield code="d">OCLCO</subfield>
         <subfield code="d">NNU</subfield>
      </datafield>
      <datafield tag="041" ind1="0" ind2=" ">
         <subfield code="a">fre</subfield>
         <subfield code="a">eng</subfield>
         <subfield code="a">ita</subfield>
      </datafield>
      <datafield tag="043" ind1=" " ind2=" ">
         <subfield code="a">mm-----</subfield>
         <subfield code="a">ff-----</subfield>
      </datafield>
      <datafield tag="050" ind1=" " ind2="4">
         <subfield code="a">SH213.4</subfield>
         <subfield code="b">.F57 2014</subfield>
      </datafield>
      <datafield tag="245" ind1="0" ind2="0">
         <subfield code="a">Fish &amp; ships :</subfield>
         <subfield code="b">production and commerce of salsmenta during Antiquity = production et commerce des salsamenta durant l'Antiquité : actes de l'atelier doctoral, Rome 18-22 juin 2012 /</subfield>
         <subfield code="c">édités par Emmanuel Botte et Victoria Leitch.</subfield>
      </datafield>
      <datafield tag="246" ind1="3" ind2=" ">
         <subfield code="a">Fish and ships</subfield>
      </datafield>
      <datafield tag="260" ind1=" " ind2=" ">
         <subfield code="a">Arles :</subfield>
         <subfield code="b">Errance ;</subfield>
         <subfield code="a">Aix-en-Provence :</subfield>
         <subfield code="b">Centre Camille Jullian,</subfield>
         <subfield code="c">2014.</subfield>
      </datafield>
      <datafield tag="300" ind1=" " ind2=" ">
         <subfield code="a">239 p. :</subfield>
         <subfield code="b">ill. (some col.), maps (some col.), plans (some col.) ;</subfield>
         <subfield code="c">28 cm.</subfield>
      </datafield>
      <datafield tag="490" ind1="1" ind2=" ">
         <subfield code="a">Bibliothèque d'archéologie méditerranéenne et africaine ;</subfield>
         <subfield code="v">17</subfield>
      </datafield>
      <datafield tag="504" ind1=" " ind2=" ">
         <subfield code="a">Includes bibliographical references.</subfield>
      </datafield>
      <datafield tag="505" ind1="0" ind2="0">
         <subfield code="t">Introduction /</subfield>
         <subfield code="r">Botte, Emmanuel --</subfield>
         <subfield code="r">Leitch, Victoria --</subfield>
         <subfield code="g">Première partie.</subfield>
         <subfield code="t">Approches historiographiques et technologiques.</subfield>
         <subfield code="t">Installations de traitement du poisson : aperçu historiographique /</subfield>
         <subfield code="r">Tchernia, André --</subfield>
         <subfield code="t">Analyse chimique des sauces et des conserves de poissons : un état de la question /</subfield>
         <subfield code="r">Garnier, Nicolas --</subfield>
         <subfield code="t">Garum, liquamen and muria : a new approach to the problem of definition /</subfield>
         <subfield code="r">Grainger, Sally --</subfield>
         <subfield code="t">Sauces de poisson dans l’ouest de la province romaine de Lyonnaise : réflexions sur l’élaboration et la nature des produits /</subfield>
         <subfield code="r">Driard, Cyril --</subfield>
         <subfield code="t">Fish remains from the Cardo V sewer : new insights into consumption and the fishing economy of Herculaneum /</subfield>
         <subfield code="r">Rowan, Erica --</subfield>
         <subfield code="t">Commerce des coquillages marins en Gaule romaine : animaux “en coquille” et chair décoquillée /</subfield>
         <subfield code="r">Bardot-Cambot, Anne.</subfield>
         <subfield code="g">Seconde partie.</subfield>
         <subfield code="t">Études archéologiques sur l’afrique.</subfield>
         <subfield code="t">Production urbaine de salaisons en Algérie à l’époque romaine : l’exemple de Tipasa (Maurétanie Césarienne) /</subfield>
         <subfield code="r">Amraoui, Touatia --</subfield>
         <subfield code="t">Exploitation et commercialisation des ressources maritimes de la Petite Syrte : témoignages archéologiques et spécificités régionales /</subfield>
         <subfield code="r">Drine, Ali --</subfield>
         <subfield code="r">Jerray, Elyssa --</subfield>
         <subfield code="t">Fish and ships in the desert? The evidence for Trans-Saharan trade in fish products /</subfield>
         <subfield code="r">Leitch, Victoria --</subfield>
         <subfield code="t">Ancient marine resource exploitation in the coastal strip of Cyrenaica : some evidence of fish-related industry in Cyrenaica? /</subfield>
         <subfield code="r">Hesein, Mohamed, A.</subfield>
      </datafield>
      <datafield tag="505" ind1="8" ind2="0">
         <subfield code="g">Troisième partie.</subfield>
         <subfield code="t">Études archéologiques méditerranéennes.</subfield>
         <subfield code="t">Overview of the fish-salting production centre at Tróia (Portugal) /</subfield>
         <subfield code="r">Vaz Pinto, Inês --</subfield>
         <subfield code="r">Magalhães, Ana Patrícia --</subfield>
         <subfield code="r">Brum, Patrícia --</subfield>
         <subfield code="t">Fish processing and salted-fish trade in the Punic west : new archaeological data and historical evolution /</subfield>
         <subfield code="r">Sáez Romero, Antonio M. --</subfield>
         <subfield code="t">Nouvelles données sur les pots dits “à garum” du Latium, d’après les découvertes subaquatiques du Rhône (Arles) /</subfield>
         <subfield code="r">Djaoui, David --</subfield>
         <subfield code="r">Piguès, Gaël --</subfield>
         <subfield code="r">Botte, Emmanuel --</subfield>
         <subfield code="t">Sardillia tra Penisola Iberica e Africa immersa in un mare di “sale” I d.C.-VII d.C. /</subfield>
         <subfield code="r">Nervi, Cristina --</subfield>
         <subfield code="t">Salting the East : evidence for salted fish and fish products from the Aegean sea in Roman times /</subfield>
         <subfield code="r">Theodoropoulou, Tatiana --</subfield>
         <subfield code="t">Fish products and their trade in Tauric Chersonesos/Byzantine Cherson : the development of a traditional craft from Antiquity to the Middle Ages /</subfield>
         <subfield code="r">Čechová, Martina --</subfield>
         <subfield code="t">Conclusions /</subfield>
         <subfield code="r">Botte, Emmanuel --</subfield>
         <subfield code="r">Leitch, Victoria.</subfield>
      </datafield>
      <datafield tag="546" ind1=" " ind2=" ">
         <subfield code="a">7 contributions in French, 8 in English, 1 in Italian.</subfield>
      </datafield>
      <datafield tag="650" ind1=" " ind2="0">
         <subfield code="a">Fishery products</subfield>
         <subfield code="x">Preservation</subfield>
         <subfield code="z">Mediterranean Region</subfield>
         <subfield code="x">History</subfield>
         <subfield code="y">To 1500</subfield>
         <subfield code="v">Congresses.</subfield>
      </datafield>
      <datafield tag="650" ind1=" " ind2="0">
         <subfield code="a">Fishery products</subfield>
         <subfield code="x">Preservation</subfield>
         <subfield code="z">Africa, North</subfield>
         <subfield code="x">History</subfield>
         <subfield code="y">To 1500</subfield>
         <subfield code="v">Congresses.</subfield>
      </datafield>
      <datafield tag="650" ind1=" " ind2="0">
         <subfield code="a">Fish trade</subfield>
         <subfield code="z">Mediterranean Region</subfield>
         <subfield code="x">History</subfield>
         <subfield code="y">To 1500</subfield>
         <subfield code="v">Congresses.</subfield>
      </datafield>
      <datafield tag="650" ind1=" " ind2="0">
         <subfield code="a">Fish trade</subfield>
         <subfield code="z">Africa, North</subfield>
         <subfield code="x">History</subfield>
         <subfield code="y">To 1500</subfield>
         <subfield code="v">Congresses.</subfield>
      </datafield>
      <datafield tag="650" ind1=" " ind2="0">
         <subfield code="a">Salted fish</subfield>
         <subfield code="z">Mediterranean Region</subfield>
         <subfield code="x">History</subfield>
         <subfield code="y">To 1500</subfield>
         <subfield code="v">Congresses.</subfield>
      </datafield>
      <datafield tag="650" ind1=" " ind2="0">
         <subfield code="a">Salted fish</subfield>
         <subfield code="z">Africa, North</subfield>
         <subfield code="x">History</subfield>
         <subfield code="y">To 1500</subfield>
         <subfield code="v">Congresses.</subfield>
      </datafield>
      <datafield tag="651" ind1=" " ind2="0">
         <subfield code="a">Mediterranean Region</subfield>
         <subfield code="x">Antiquities</subfield>
         <subfield code="v">Congresses.</subfield>
      </datafield>
      <datafield tag="651" ind1=" " ind2="0">
         <subfield code="a">Africa, North</subfield>
         <subfield code="x">Antiquities</subfield>
         <subfield code="x">Congresses.</subfield>
      </datafield>
      <datafield tag="700" ind1="1" ind2=" ">
         <subfield code="a">Botte, Emmanuel.</subfield>
      </datafield>
      <datafield tag="700" ind1="1" ind2=" ">
         <subfield code="a">Leitch, Victoria.</subfield>
      </datafield>
      <datafield tag="830" ind1=" " ind2="0">
         <subfield code="a">Bibliothèque d'archéologie méditerranéenne et africaine ;</subfield>
         <subfield code="v">17.</subfield>
      </datafield>
      <datafield tag="994" ind1=" " ind2=" ">
         <subfield code="a">Z0</subfield>
         <subfield code="b">ZYU</subfield>
      </datafield>
      <datafield tag="OWN" ind1=" " ind2=" ">
         <subfield code="a">GENERAL</subfield>
      </datafield>
      <datafield tag="AVA" ind1=" " ind2=" ">
         <subfield code="a">NYU50</subfield>
         <subfield code="b">NISAW</subfield>
         <subfield code="c">Large Collection</subfield>
         <subfield code="d">SH213.4 .F57 2014</subfield>
         <subfield code="e">available</subfield>
         <subfield code="t">Available</subfield>
         <subfield code="f">1</subfield>
         <subfield code="g">0</subfield>
         <subfield code="h">N</subfield>
         <subfield code="i">0</subfield>
         <subfield code="j">LARGE</subfield>
         <subfield code="k">0</subfield>
      </datafield>
      <marc:datafield tag="852" ind1=" " ind2=" ">
         <marc:subfield code="b">Institute for the Study of the Ancient World, </marc:subfield>
         <marc:subfield code="c">Large Collection</marc:subfield>
         <marc:subfield code="e">15 East 84th St., </marc:subfield>
         <marc:subfield code="e">New York, NY  10028</marc:subfield>
      </marc:datafield>
   </record>