
  
  
  
  
  
  
  
 
  
  <record xsi:schemaLocation="http://www.loc.gov/MARC21/slim http://www.loc.gov/standards/marcxml/schema/MARC21slim.xsd">
      <leader>00000cam  22008774a 4500</leader>
      <controlfield tag="FMT">BK</controlfield>
      <controlfield tag="LDR">00000cam  22008774a 4500</controlfield>
      <controlfield tag="001">001800167</controlfield>
      <controlfield tag="003">OCoLC</controlfield>
      <controlfield tag="005">20150306112302.0</controlfield>
      <controlfield tag="008">010607r20021999miua     b    001 0 eng</controlfield>
      <datafield tag="010" ind1=" " ind2=" ">
         <subfield code="a">2001040362</subfield>
      </datafield>
      <datafield tag="015" ind1=" " ind2=" ">
         <subfield code="a">GBA2-56070</subfield>
      </datafield>
      <datafield tag="020" ind1=" " ind2=" ">
         <subfield code="a">0802844774 (cloth : alk. paper)</subfield>
      </datafield>
      <datafield tag="020" ind1=" " ind2=" ">
         <subfield code="a">9780802844774 (cloth : alk. paper)</subfield>
      </datafield>
      <datafield tag="035" ind1=" " ind2=" ">
         <subfield code="a">(OCoLC)50495790</subfield>
         <subfield code="z">(OCoLC)50548883</subfield>
      </datafield>
      <datafield tag="040" ind1=" " ind2=" ">
         <subfield code="a">DLC</subfield>
         <subfield code="b">eng</subfield>
         <subfield code="c">DLC</subfield>
         <subfield code="d">UKM</subfield>
         <subfield code="d">LVB</subfield>
         <subfield code="d">BAKER</subfield>
         <subfield code="d">BTCTA</subfield>
         <subfield code="d">YDXCP</subfield>
         <subfield code="d">STF</subfield>
         <subfield code="d">OCLCG</subfield>
         <subfield code="d">IG#</subfield>
         <subfield code="d">HNW</subfield>
         <subfield code="d">BDX</subfield>
         <subfield code="d">HDC</subfield>
         <subfield code="d">OCLCQ</subfield>
         <subfield code="d">OCLCF</subfield>
         <subfield code="d">J9U</subfield>
         <subfield code="d">OCLCA</subfield>
         <subfield code="d">OCL</subfield>
         <subfield code="d">OCLCO</subfield>
         <subfield code="d">NNU</subfield>
      </datafield>
      <datafield tag="041" ind1="1" ind2=" ">
         <subfield code="a">eng</subfield>
         <subfield code="h">ger</subfield>
      </datafield>
      <datafield tag="042" ind1=" " ind2=" ">
         <subfield code="a">pcc</subfield>
      </datafield>
      <datafield tag="043" ind1=" " ind2=" ">
         <subfield code="a">a-is---</subfield>
      </datafield>
      <datafield tag="050" ind1="0" ind2="0">
         <subfield code="a">ML166</subfield>
         <subfield code="b">.B7613 2002</subfield>
      </datafield>
      <datafield tag="066" ind1=" " ind2=" ">
         <subfield code="c">(2</subfield>
      </datafield>
      <datafield tag="082" ind1="0" ind2="0">
         <subfield code="a">780/.933</subfield>
         <subfield code="2">21</subfield>
      </datafield>
      <datafield tag="100" ind1="1" ind2=" ">
         <subfield code="a">Braun, Joachim,</subfield>
         <subfield code="d">1929-2013.</subfield>
      </datafield>
      <datafield tag="240" ind1="1" ind2="0">
         <subfield code="a">Musikkultur Altisraels/Palästinas.</subfield>
         <subfield code="l">English</subfield>
      </datafield>
      <datafield tag="245" ind1="1" ind2="0">
         <subfield code="a">Music in ancient Israel/Palestine :</subfield>
         <subfield code="b">archaeological, written, and comparative sources /</subfield>
         <subfield code="c">Joachim Braun ; translated by Douglas W. Stott.</subfield>
      </datafield>
      <datafield tag="260" ind1=" " ind2=" ">
         <subfield code="a">Grand Rapids, Mich. :</subfield>
         <subfield code="b">W.B. Eerdmans,</subfield>
         <subfield code="c">©2002.</subfield>
      </datafield>
      <datafield tag="300" ind1=" " ind2=" ">
         <subfield code="a">xxxvi, 368 pages :</subfield>
         <subfield code="b">illustrations ;</subfield>
         <subfield code="c">24 cm.</subfield>
      </datafield>
      <datafield tag="336" ind1=" " ind2=" ">
         <subfield code="a">text</subfield>
         <subfield code="b">txt</subfield>
         <subfield code="2">rdacontent</subfield>
      </datafield>
      <datafield tag="337" ind1=" " ind2=" ">
         <subfield code="a">unmediated</subfield>
         <subfield code="b">n</subfield>
         <subfield code="2">rdamedia</subfield>
      </datafield>
      <datafield tag="338" ind1=" " ind2=" ">
         <subfield code="a">volume</subfield>
         <subfield code="b">nc</subfield>
         <subfield code="2">rdacarrier</subfield>
      </datafield>
      <datafield tag="490" ind1="1" ind2=" ">
         <subfield code="a">The Bible in its world</subfield>
      </datafield>
      <datafield tag="500" ind1=" " ind2=" ">
         <subfield code="a">Rev., updated, and enl. version of: Die Musikkultur Altisraels/Palästinas, 1999.</subfield>
      </datafield>
      <datafield tag="504" ind1=" " ind2=" ">
         <subfield code="a">Includes bibliographical references (pages 321-354) and indexes.</subfield>
      </datafield>
      <datafield tag="520" ind1=" " ind2=" ">
         <subfield code="a">This book contains the first study of the musical culture of ancient Israel/Palestine based primarily on the archaeological record. Noted musicologist Joachim Braun explores the music of the Holy Land region of the Middle East, tracing its form and development from its beginning in the Stone Age to the fourth century A.D. --From publisher's description.</subfield>
      </datafield>
      <datafield tag="505" ind1="0" ind2="0">
         <subfield code="g">1.</subfield>
         <subfield code="t">Geographical, Chronological, and Cultural Parameters</subfield>
         <subfield code="g">4 --</subfield>
         <subfield code="g">3.</subfield>
         <subfield code="t">Musical Instruments in the Bible</subfield>
         <subfield code="g">8 --</subfield>
         <subfield code="t">Meaning</subfield>
         <subfield code="g">8 --</subfield>
         <subfield code="t">Classification</subfield>
         <subfield code="g">11 --</subfield>
         <subfield code="g">4.</subfield>
         <subfield code="t">The Instruments</subfield>
         <subfield code="g">12 --</subfield>
         <subfield code="t">[superscript a]seb[superscript e]rosim</subfield>
         <subfield code="g">12 --</subfield>
         <subfield code="t">halil</subfield>
         <subfield code="g">13 --</subfield>
         <subfield code="t">h[superscript a]sos[superscript e]ra</subfield>
         <subfield code="g">14 --</subfield>
         <subfield code="t">kinnor</subfield>
         <subfield code="g">16 --</subfield>
         <subfield code="t">m[superscript e]naànìm</subfield>
         <subfield code="g">19 --</subfield>
         <subfield code="t">m[superscript e]siltayim, sels[superscript e]lim</subfield>
         <subfield code="g">20 --</subfield>
         <subfield code="t">nebel, nebel àsor</subfield>
         <subfield code="g">22 --</subfield>
         <subfield code="t">pa[̀superscript a]mon</subfield>
         <subfield code="g">24 --</subfield>
         <subfield code="t">qeren hayyobel</subfield>
         <subfield code="g">25 --</subfield>
         <subfield code="t">sopar and sop[superscript e]rot hayyob[superscript e]lim</subfield>
         <subfield code="g">26 --</subfield>
         <subfield code="t">top</subfield>
         <subfield code="g">29 --</subfield>
         <subfield code="t">ùgab</subfield>
         <subfield code="g">31 --</subfield>
         <subfield code="g">5.</subfield>
         <subfield code="t">Instruments in Daniel</subfield>
         <subfield code="g">32 --</subfield>
         <subfield code="g">6.</subfield>
         <subfield code="t">Collective Expressions -- Typological Terminology</subfield>
         <subfield code="g">36 --</subfield>
         <subfield code="g">7.</subfield>
         <subfield code="t">Terminology in the Psalms and Unresolved Questions</subfield>
         <subfield code="g">37 --</subfield>
         <subfield code="g">8.</subfield>
         <subfield code="t">Instruments in the New Testament</subfield>
         <subfield code="g">42 --</subfield>
         <subfield code="g">II.</subfield>
         <subfield code="t">The Stone Age (12th Millennium-3200 B.C.)</subfield>
         <subfield code="g">47 --</subfield>
         <subfield code="g">1.</subfield>
         <subfield code="t">Natufians (ca. 12,000-8000 B.C.)</subfield>
         <subfield code="g">50 --</subfield>
         <subfield code="t">Syncretism of Work, Cult, Adornment, and Sound</subfield>
         <subfield code="g">50 --</subfield>
         <subfield code="g">2.</subfield>
      </datafield>
      <datafield tag="505" ind1="0" ind2="0">
         <subfield code="9"/>
         <subfield code="t">The Chalcolithic Period (ca. 4000-3200 B.C.)</subfield>
         <subfield code="g">55 --</subfield>
         <subfield code="g">A.</subfield>
         <subfield code="t">Music in the Dumuzi Cult</subfield>
         <subfield code="g">55 --</subfield>
         <subfield code="g">B.</subfield>
         <subfield code="t">The Appearance of the Harp</subfield>
         <subfield code="g">58 --</subfield>
         <subfield code="g">III.</subfield>
         <subfield code="t">The Bronze Age (3200-1200 B.C.)</subfield>
         <subfield code="g">67 --</subfield>
         <subfield code="g">1.</subfield>
         <subfield code="t">Dance with Lyres and Drums</subfield>
         <subfield code="g">71 --</subfield>
         <subfield code="g">2.</subfield>
         <subfield code="t">The Lute</subfield>
         <subfield code="g">80 --</subfield>
         <subfield code="g">3.</subfield>
         <subfield code="t">Egyptian-Canaanite Music -- Gods and Musicians</subfield>
         <subfield code="g">85 --</subfield>
         <subfield code="g">4.</subfield>
         <subfield code="t">Music in the Symposium</subfield>
         <subfield code="g">94 --</subfield>
         <subfield code="g">5.</subfield>
         <subfield code="t">Clay Rattles: Mass Music -- Mass Cults -- Mass Culture</subfield>
         <subfield code="g">98 --</subfield>
         <subfield code="g">6.</subfield>
         <subfield code="t">The Priests' Bronze Cymbals</subfield>
         <subfield code="g">107 --</subfield>
         <subfield code="g">7.</subfield>
         <subfield code="t">The Megiddo Flute</subfield>
         <subfield code="g">110 --</subfield>
         <subfield code="g">IV.</subfield>
         <subfield code="t">The Iron Age (1200-587 B.C.)</subfield>
         <subfield code="g">113 --</subfield>
         <subfield code="g">1.</subfield>
         <subfield code="t">Female Drummers in the Israelite-Judean Kingdom and Surroundings</subfield>
         <subfield code="g">118 --</subfield>
         <subfield code="g">2.</subfield>
         <subfield code="t">From the Sacred Female Double-Reed Blowers to Male Double-Reed Players</subfield>
         <subfield code="g">133 --</subfield>
         <subfield code="g">3.</subfield>
         <subfield code="t">Lyres in Solo and Ensemble Performance</subfield>
         <subfield code="g">145 --</subfield>
         <subfield code="g">A.</subfield>
         <subfield code="t">Pottery Drawings</subfield>
         <subfield code="g">147 --</subfield>
         <subfield code="g">B.</subfield>
         <subfield code="t">Seals</subfield>
         <subfield code="g">154 --</subfield>
         <subfield code="g">4.</subfield>
         <subfield code="t">Musicians and Dancers of the Philistine and Phoenician Coast</subfield>
         <subfield code="g">165 --</subfield>
         <subfield code="g">5.</subfield>
         <subfield code="t">Conch Trumpets</subfield>
         <subfield code="g">180 --</subfield>
         <subfield code="g">6.</subfield>
      </datafield>
      <datafield tag="505" ind1="0" ind2="0">
         <subfield code="9"/>
         <subfield code="t">The Mystery of Absence, or an argumentum ex silentio? The Babylonian-Persian Period (587-333 B.C.): An Interlude</subfield>
         <subfield code="g">184 --</subfield>
         <subfield code="g">V.</subfield>
         <subfield code="t">The Hellenistic-Roman Period (Fourth Century B.C.-Fourth Century A.D.)</subfield>
         <subfield code="g">189 --</subfield>
         <subfield code="g">1.</subfield>
         <subfield code="t">Apotropaic Bells</subfield>
         <subfield code="g">195 --</subfield>
         <subfield code="g">2.</subfield>
         <subfield code="t">Idumean Hunting and Mourning Music and the Jewish Temple Trumpets</subfield>
         <subfield code="g">203 --</subfield>
         <subfield code="g">3.</subfield>
         <subfield code="t">The Nabatean-Safaitic Culture</subfield>
         <subfield code="g">211 --</subfield>
         <subfield code="g">4.</subfield>
         <subfield code="t">Instruments of Avant-Garde Professionals and Conventional Folk-Musicians</subfield>
         <subfield code="g">222 --</subfield>
         <subfield code="g">5.</subfield>
         <subfield code="t">The Cult of Dionysus</subfield>
         <subfield code="g">250 --</subfield>
         <subfield code="g">6.</subfield>
         <subfield code="t">Musical Instruments in Samaritan Areas</subfield>
         <subfield code="g">274 --</subfield>
         <subfield code="g">7.</subfield>
         <subfield code="t">Musical Instruments as Symbols of Cult, State, and Identity</subfield>
         <subfield code="g">287 --</subfield>
         <subfield code="g">8.</subfield>
         <subfield code="t">The Shofar: Tool of Sound and Ritual, Symbol of Faith and National Identity</subfield>
         <subfield code="g">301.</subfield>
      </datafield>
      <datafield tag="500" ind1=" " ind2=" ">
         <subfield code="a">ISAW copy is from the library of Hayim and Miriam Tadmor.</subfield>
         <subfield code="5">NNU</subfield>
      </datafield>
      <datafield tag="650" ind1=" " ind2="0">
         <subfield code="a">Jews</subfield>
         <subfield code="x">Music</subfield>
         <subfield code="x">History and criticism.</subfield>
      </datafield>
      <datafield tag="650" ind1=" " ind2="0">
         <subfield code="a">Music</subfield>
         <subfield code="z">Palestine</subfield>
         <subfield code="y">To 500</subfield>
         <subfield code="x">History and criticism.</subfield>
      </datafield>
      <datafield tag="651" ind1=" " ind2="4">
         <subfield code="a">Palestine</subfield>
         <subfield code="x">Antiquities.</subfield>
      </datafield>
      <datafield tag="650" ind1=" " ind2="6">
         <subfield code="a">Juifs</subfield>
         <subfield code="x">Musique</subfield>
         <subfield code="x">Histoire et critique.</subfield>
      </datafield>
      <datafield tag="650" ind1=" " ind2="6">
         <subfield code="a">Musique</subfield>
         <subfield code="z">Palestine</subfield>
         <subfield code="y">Jusqu'à 500</subfield>
         <subfield code="x">Histoire et critique.</subfield>
      </datafield>
      <datafield tag="650" ind1=" " ind2="7">
         <subfield code="a">Jews</subfield>
         <subfield code="x">Music.</subfield>
         <subfield code="2">fast</subfield>
         <subfield code="0">(OCoLC)fst00983314</subfield>
      </datafield>
      <datafield tag="650" ind1=" " ind2="7">
         <subfield code="a">Music</subfield>
         <subfield code="2">fast</subfield>
         <subfield code="0">(OCoLC)fst01030269</subfield>
      </datafield>
      <datafield tag="651" ind1=" " ind2="7">
         <subfield code="a">Middle East</subfield>
         <subfield code="z">Palestine.</subfield>
         <subfield code="2">fast</subfield>
         <subfield code="0">(OCoLC)fst01207534</subfield>
      </datafield>
      <datafield tag="648" ind1=" " ind2="7">
         <subfield code="a">To 500</subfield>
         <subfield code="2">fast</subfield>
      </datafield>
      <datafield tag="655" ind1=" " ind2="7">
         <subfield code="a">Criticism, interpretation, etc.</subfield>
         <subfield code="2">fast</subfield>
         <subfield code="0">(OCoLC)fst01411635</subfield>
      </datafield>
      <datafield tag="796" ind1="1" ind2=" ">
         <subfield code="a">Tadmor, Hayim,</subfield>
         <subfield code="e">former owner.</subfield>
      </datafield>
      <datafield tag="796" ind1="1" ind2=" ">
         <subfield code="a">Tadmor, Miriam,</subfield>
         <subfield code="e">former owner.</subfield>
      </datafield>
      <datafield tag="797" ind1="2" ind2=" ">
         <subfield code="a">Tadmor Collection.</subfield>
      </datafield>
      <datafield tag="880" ind1=" " ind2=" ">
         <subfield code="6">500-00/</subfield>
         <subfield code="a">נושא ישן: Bible O.T. - Musical instruments</subfield>
      </datafield>
      <datafield tag="880" ind1=" " ind2=" ">
         <subfield code="6">500-00/</subfield>
         <subfield code="a">נושא ישן: Jews - Music - To 500 - History and criticism</subfield>
      </datafield>
      <datafield tag="880" ind1=" " ind2=" ">
         <subfield code="6">500-00/</subfield>
         <subfield code="a">נושא ישן: Musical instruments, ancient - Israel</subfield>
      </datafield>
      <datafield tag="830" ind1=" " ind2="0">
         <subfield code="a">Bible in its world</subfield>
      </datafield>
      <datafield tag="OWN" ind1=" " ind2=" ">
         <subfield code="a">GENERAL</subfield>
      </datafield>
      <datafield tag="AVA" ind1=" " ind2=" ">
         <subfield code="a">NYU50</subfield>
         <subfield code="b">BOBST</subfield>
         <subfield code="c">Main Collection</subfield>
         <subfield code="d">ML166 .B7613 2002</subfield>
         <subfield code="e">available</subfield>
         <subfield code="t">Available</subfield>
         <subfield code="f">1</subfield>
         <subfield code="g">0</subfield>
         <subfield code="h">N</subfield>
         <subfield code="i">7</subfield>
         <subfield code="j">MAIN</subfield>
         <subfield code="k">0</subfield>
      </datafield>
      <datafield tag="AVA" ind1=" " ind2=" ">
         <subfield code="a">NYU50</subfield>
         <subfield code="b">NISAW</subfield>
         <subfield code="c">Small Collection</subfield>
         <subfield code="d">ML166 .B7613 2002</subfield>
         <subfield code="e">available</subfield>
         <subfield code="t">Available</subfield>
         <subfield code="f">1</subfield>
         <subfield code="g">0</subfield>
         <subfield code="h">N</subfield>
         <subfield code="i">0</subfield>
         <subfield code="j">SMALL</subfield>
         <subfield code="k">0</subfield>
      </datafield>
      <marc:datafield tag="852" ind1=" " ind2=" ">
         <marc:subfield code="b">Institute for the Study of the Ancient World, </marc:subfield>
         <marc:subfield code="c">Small Collection</marc:subfield>
         <marc:subfield code="e">15 East 84th St., </marc:subfield>
         <marc:subfield code="e">New York, NY  10028</marc:subfield>
      </marc:datafield>
   </record>