
  
  
  
  
  
 
  
  <record xsi:schemaLocation="http://www.loc.gov/MARC21/slim http://www.loc.gov/standards/marcxml/schema/MARC21slim.xsd">
      <leader>00000cam  2200361 a 4500</leader>
      <controlfield tag="FMT">BK</controlfield>
      <controlfield tag="LDR">00000cam  2200361 a 4500</controlfield>
      <controlfield tag="001">004114406</controlfield>
      <controlfield tag="003">OCoLC</controlfield>
      <controlfield tag="005">20150316100413.0</controlfield>
      <controlfield tag="008">150309s1950    hu       b    000 0 fre d</controlfield>
      <datafield tag="035" ind1=" " ind2=" ">
         <subfield code="a">(OCoLC)23433298</subfield>
      </datafield>
      <datafield tag="040" ind1=" " ind2=" ">
         <subfield code="a">EYM</subfield>
         <subfield code="b">eng</subfield>
         <subfield code="c">EYM</subfield>
         <subfield code="d">OCLCQ</subfield>
         <subfield code="d">OCLCG</subfield>
         <subfield code="d">OCLCQ</subfield>
         <subfield code="d">OCLCF</subfield>
         <subfield code="d">OCLCQ</subfield>
         <subfield code="d">ZYU</subfield>
         <subfield code="d">NNU</subfield>
      </datafield>
      <datafield tag="041" ind1="0" ind2=" ">
         <subfield code="a">fre</subfield>
         <subfield code="a">hun</subfield>
         <subfield code="a">eng</subfield>
         <subfield code="a">heb</subfield>
      </datafield>
      <datafield tag="043" ind1=" " ind2=" ">
         <subfield code="a">aw-----</subfield>
         <subfield code="a">a-is---</subfield>
      </datafield>
      <datafield tag="050" ind1=" " ind2="4">
         <subfield code="a">PJ26</subfield>
         <subfield code="b">.H57 1950</subfield>
      </datafield>
      <datafield tag="245" ind1="0" ind2="0">
         <subfield code="a">Essais orientaliques :</subfield>
         <subfield code="b">livre d'hommage à la mémoire du P. Hirschler /</subfield>
         <subfield code="c">edit par O. Komlós = Keleti tanulmányok : Hirschler Pál emlékére / szerkesztette Komlós Ottó.</subfield>
      </datafield>
      <datafield tag="246" ind1="1" ind2="5">
         <subfield code="a">ספר זכרון :</subfield>
         <subfield code="b">לכבוד מוהר"ר גרשון הירשלר זצוק"ל</subfield>
      </datafield>
      <datafield tag="246" ind1="1" ind2="1">
         <subfield code="a">Keleti tanulmányok :</subfield>
         <subfield code="b">Hirschler Pál emlékére</subfield>
      </datafield>
      <datafield tag="260" ind1=" " ind2=" ">
         <subfield code="a">Budapest :</subfield>
         <subfield code="b">[publisher not identified],</subfield>
         <subfield code="c">1950.</subfield>
      </datafield>
      <datafield tag="300" ind1=" " ind2=" ">
         <subfield code="a">144, 12, iv pages ;</subfield>
         <subfield code="c">21 cm</subfield>
      </datafield>
      <datafield tag="336" ind1=" " ind2=" ">
         <subfield code="a">text</subfield>
         <subfield code="b">txt</subfield>
         <subfield code="2">rdacontent</subfield>
      </datafield>
      <datafield tag="337" ind1=" " ind2=" ">
         <subfield code="a">unmediated</subfield>
         <subfield code="b">n</subfield>
         <subfield code="2">rdamedia</subfield>
      </datafield>
      <datafield tag="338" ind1=" " ind2=" ">
         <subfield code="a">volume</subfield>
         <subfield code="b">nc</subfield>
         <subfield code="2">rdacarrier</subfield>
      </datafield>
      <datafield tag="500" ind1=" " ind2=" ">
         <subfield code="a">ISAW copy is from the library of Hayim and Miriam Tadmor.</subfield>
         <subfield code="5">NNU</subfield>
      </datafield>
      <datafield tag="500" ind1=" " ind2=" ">
         <subfield code="a">ISAW copy is inscribed by Ottó Komlós.</subfield>
         <subfield code="5">NNU</subfield>
      </datafield>
      <datafield tag="500" ind1=" " ind2=" ">
         <subfield code="a">Added title pages in Hungarian and Hebrew.</subfield>
      </datafield>
      <datafield tag="500" ind1=" " ind2=" ">
         <subfield code="a">Contributions in Hungarian, French, English and Hebrew.</subfield>
      </datafield>
      <datafield tag="500" ind1=" " ind2=" ">
         <subfield code="a">List of Hirschler's publications: p. 141-144.</subfield>
      </datafield>
      <datafield tag="504" ind1=" " ind2=" ">
         <subfield code="a">Includes bibliographical references.</subfield>
      </datafield>
      <datafield tag="505" ind1="0" ind2="0">
         <subfield code="g">I.</subfield>
         <subfield code="t">Hirschler Pál /</subfield>
         <subfield code="r">Benoschofsky, Imre --</subfield>
         <subfield code="t">Jubileumi beszéd /</subfield>
         <subfield code="r">Heller, Bernát --</subfield>
         <subfield code="t">Situation special juridique des Juifs au Byzantium /</subfield>
         <subfield code="r">Cselényi, Emeric --</subfield>
         <subfield code="t">Hungarian Protestants and English Jewry /</subfield>
         <subfield code="r">Roth, Cecil --</subfield>
         <subfield code="t">Sur les périphrases verbales dites "verbes composés" en persan /</subfield>
         <subfield code="r">Telegdi, Sigismond --</subfield>
         <subfield code="t">Jonah legends /</subfield>
         <subfield code="r">Komlós, Otto --</subfield>
         <subfield code="t">Tel Abib : Til Abūbi (Ezek. 3:15) /</subfield>
         <subfield code="r">Lőwinger, Samuel --</subfield>
         <subfield code="t">Social isolation of Ahl adh-dhimma /</subfield>
         <subfield code="r">Strauss, Eli --</subfield>
         <subfield code="t">Role of tzitzit in agreements /</subfield>
         <subfield code="r">Scheiber, Alexander --</subfield>
         <subfield code="t">Chess and backgammon in Ad-Damīrī's Ḥayāt al-ḥayawān /</subfield>
         <subfield code="r">Somogyi, Joseph --</subfield>
         <subfield code="t">Josephus on prayer in C. Ap. II. 197 /</subfield>
         <subfield code="r">Hahn, Stephen --</subfield>
         <subfield code="t">Does the Thorah punish impudence? /</subfield>
         <subfield code="r">Rother, Ernest --</subfield>
         <subfield code="t">Defense de la version des Septante contre l'accusation d'apanthropie /</subfield>
         <subfield code="r">Trencsényi-Waldapfel, Emeric --</subfield>
         <subfield code="t">Hirschler Pál irodalmi munkássága /</subfield>
         <subfield code="r">Komlós, Ottó --</subfield>
         <subfield code="g">II.</subfield>
         <subfield code="r">Flayshman, Ya'akov --</subfield>
         <subfield code="t">Gershon Hirshler --</subfield>
         <subfield code="r">Bergman, Shem'el Hugo --</subfield>
         <subfield code="t">Ha-Rav Kuk, z.l.</subfield>
      </datafield>
      <datafield tag="530" ind1=" " ind2=" ">
         <subfield code="a">Also issued online.</subfield>
      </datafield>
      <datafield tag="600" ind1="1" ind2="0">
         <subfield code="a">Hirschler, Pál,</subfield>
         <subfield code="d">1907-1944.</subfield>
      </datafield>
      <datafield tag="650" ind1=" " ind2="0">
         <subfield code="a">Oriental philology.</subfield>
      </datafield>
      <datafield tag="650" ind1=" " ind2="0">
         <subfield code="a">Judaism.</subfield>
      </datafield>
      <datafield tag="650" ind1=" " ind2="7">
         <subfield code="a">Oriental philology.</subfield>
         <subfield code="2">fast</subfield>
         <subfield code="0">(OCoLC)fst01048118</subfield>
      </datafield>
      <datafield tag="700" ind1="1" ind2=" ">
         <subfield code="a">Hirschler, Pál,</subfield>
         <subfield code="d">1907-1944.</subfield>
      </datafield>
      <datafield tag="700" ind1="1" ind2=" ">
         <subfield code="a">Komlós, Ottó.</subfield>
      </datafield>
      <datafield tag="776" ind1="0" ind2="8">
         <subfield code="i">Online version:</subfield>
         <subfield code="t">Essais orientaliques.</subfield>
         <subfield code="d">Budapest : [s.n.], 1950</subfield>
         <subfield code="w">(OCoLC)582340486</subfield>
      </datafield>
      <datafield tag="796" ind1="1" ind2=" ">
         <subfield code="a">Tadmor, Hayim,</subfield>
         <subfield code="e">former owner.</subfield>
      </datafield>
      <datafield tag="796" ind1="1" ind2=" ">
         <subfield code="a">Tadmor, Miriam,</subfield>
         <subfield code="e">former owner.</subfield>
      </datafield>
      <datafield tag="797" ind1="2" ind2=" ">
         <subfield code="a">Tadmor Collection.</subfield>
      </datafield>
      <datafield tag="994" ind1=" " ind2=" ">
         <subfield code="a">Z0</subfield>
         <subfield code="b">ZYU</subfield>
      </datafield>
      <datafield tag="OWN" ind1=" " ind2=" ">
         <subfield code="a">GENERAL</subfield>
      </datafield>
      <datafield tag="AVA" ind1=" " ind2=" ">
         <subfield code="a">NYU50</subfield>
         <subfield code="b">NISAW</subfield>
         <subfield code="c">Small Collection</subfield>
         <subfield code="d">PJ26 .H57 1950</subfield>
         <subfield code="e">available</subfield>
         <subfield code="t">Available</subfield>
         <subfield code="f">1</subfield>
         <subfield code="g">0</subfield>
         <subfield code="h">N</subfield>
         <subfield code="i">0</subfield>
         <subfield code="j">SMALL</subfield>
         <subfield code="k">0</subfield>
      </datafield>
      <marc:datafield tag="852" ind1=" " ind2=" ">
         <marc:subfield code="b">Institute for the Study of the Ancient World, </marc:subfield>
         <marc:subfield code="c">Small Collection</marc:subfield>
         <marc:subfield code="e">15 East 84th St., </marc:subfield>
         <marc:subfield code="e">New York, NY  10028</marc:subfield>
      </marc:datafield>
   </record>