
  
  
  
  
  
  
 
  
  <record xsi:schemaLocation="http://www.loc.gov/MARC21/slim http://www.loc.gov/standards/marcxml/schema/MARC21slim.xsd">
      <leader>00000cas  2200481 a 4500</leader>
      <controlfield tag="FMT">SE</controlfield>
      <controlfield tag="LDR">00000cas  2200481 a 4500</controlfield>
      <controlfield tag="001">002209647</controlfield>
      <controlfield tag="003">NNU</controlfield>
      <controlfield tag="005">20150309125242.0</controlfield>
      <controlfield tag="008">950104d19291997gw ar p       0   b0ger d</controlfield>
      <datafield tag="010" ind1=" " ind2=" ">
         <subfield code="a">38006357</subfield>
      </datafield>
      <datafield tag="022" ind1=" " ind2=" ">
         <subfield code="a">0066-6033</subfield>
      </datafield>
      <datafield tag="035" ind1=" " ind2=" ">
         <subfield code="a">(OCoLC)1481826</subfield>
      </datafield>
      <datafield tag="035" ind1=" " ind2=" ">
         <subfield code="a">(CStRLIN)NYUG83-S284</subfield>
      </datafield>
      <datafield tag="035" ind1="9" ind2=" ">
         <subfield code="a">NYUb11253571</subfield>
      </datafield>
      <datafield tag="040" ind1=" " ind2=" ">
         <subfield code="a">MUL</subfield>
         <subfield code="c">MUL</subfield>
         <subfield code="d">FUL</subfield>
         <subfield code="d">NSD</subfield>
         <subfield code="d">DLC</subfield>
         <subfield code="d">IUL</subfield>
         <subfield code="d">AIP</subfield>
         <subfield code="d">IUL</subfield>
         <subfield code="d">AIP</subfield>
         <subfield code="d">OCL</subfield>
         <subfield code="d">HUL</subfield>
         <subfield code="d">NST</subfield>
         <subfield code="d">ZCU</subfield>
         <subfield code="d">NNU</subfield>
      </datafield>
      <datafield tag="042" ind1=" " ind2=" ">
         <subfield code="a">nsdp</subfield>
         <subfield code="a">lcd</subfield>
      </datafield>
      <datafield tag="043" ind1=" " ind2=" ">
         <subfield code="a">a-ir---</subfield>
      </datafield>
      <datafield tag="082" ind1=" " ind2=" ">
         <subfield code="a">935</subfield>
      </datafield>
      <datafield tag="090" ind1=" " ind2=" ">
         <subfield code="a">DS261A1</subfield>
         <subfield code="b">.A66</subfield>
      </datafield>
      <datafield tag="090" ind1=" " ind2=" ">
         <subfield code="i">05/19/83 CT</subfield>
      </datafield>
      <datafield tag="210" ind1="0" ind2=" ">
         <subfield code="a">Archaeol. Mitt. Iran</subfield>
      </datafield>
      <datafield tag="222" ind1=" " ind2="0">
         <subfield code="a">Archaeologische Mitteilungen aus Iran.</subfield>
      </datafield>
      <datafield tag="245" ind1="0" ind2="0">
         <subfield code="a">Archaeologische Mitteilungen aus Iran.</subfield>
      </datafield>
      <datafield tag="260" ind1=" " ind2=" ">
         <subfield code="a">Berlin :</subfield>
         <subfield code="b">Dietrich Reimer,</subfield>
         <subfield code="c">1929-1997.</subfield>
      </datafield>
      <datafield tag="300" ind1=" " ind2=" ">
         <subfield code="a">v. :</subfield>
         <subfield code="b">ill., folded maps, tables (some folded) ;</subfield>
         <subfield code="c">25-28 cm.</subfield>
      </datafield>
      <datafield tag="310" ind1=" " ind2=" ">
         <subfield code="a">Annual</subfield>
      </datafield>
      <datafield tag="362" ind1="0" ind2=" ">
         <subfield code="a">Bd. 1 (1929)-Bd. 9 (1938); n.s. Bd.1 (1968)-Bd. 28 (1995/1996).</subfield>
      </datafield>
      <datafield tag="500" ind1=" " ind2=" ">
         <subfield code="a">"Herausgegeben vom Deutschen Archäologischen Institut. Abteilung Teheran."</subfield>
      </datafield>
      <datafield tag="500" ind1=" " ind2=" ">
         <subfield code="a">ISAW copy is from the library of Hayim and Miriam Tadmor.</subfield>
         <subfield code="5">NNU</subfield>
      </datafield>
      <datafield tag="510" ind1="2" ind2=" ">
         <subfield code="a">Avery index to architectural periodicals. Second edition. Revised and enlarged. Supplement</subfield>
         <subfield code="x">0196-0008</subfield>
      </datafield>
      <datafield tag="515" ind1=" " ind2=" ">
         <subfield code="a">Publication suspended 1938-1968.</subfield>
      </datafield>
      <datafield tag="515" ind1=" " ind2=" ">
         <subfield code="a">Vols. for &lt;1993-1994&gt; lack "neue Folge" designation.</subfield>
      </datafield>
      <datafield tag="500" ind1=" " ind2=" ">
         <subfield code="a">Vols. for 193u-&gt; edited by Ernst Herzfeld.</subfield>
      </datafield>
      <datafield tag="550" ind1=" " ind2=" ">
         <subfield code="a">Issued 1938- by Deutsches Archaeologisches Institut. Abteilung Teheran.</subfield>
      </datafield>
      <datafield tag="580" ind1=" " ind2=" ">
         <subfield code="a">Issues for (1929-1938) available in reprint edition from Johnson Reprint Corp.</subfield>
      </datafield>
      <datafield tag="650" ind1=" " ind2="0">
         <subfield code="a">Art, Iranian</subfield>
         <subfield code="v">Periodicals.</subfield>
      </datafield>
      <datafield tag="651" ind1=" " ind2="0">
         <subfield code="a">Iran</subfield>
         <subfield code="x">Antiquities</subfield>
         <subfield code="v">Periodicals.</subfield>
      </datafield>
      <datafield tag="650" ind1=" " ind2="0">
         <subfield code="a">Archaeology</subfield>
         <subfield code="v">Periodicals.</subfield>
      </datafield>
      <datafield tag="700" ind1="1" ind2=" ">
         <subfield code="a">Herzfeld, Ernst,</subfield>
         <subfield code="d">1879-1948.</subfield>
      </datafield>
      <datafield tag="710" ind1="2" ind2=" ">
         <subfield code="a">Deutsches Archäologisches Institut.</subfield>
         <subfield code="b">Abteilung Teheran.</subfield>
      </datafield>
      <datafield tag="770" ind1="0" ind2=" ">
         <subfield code="t">Archaeologische Mitteilungen aus Iran. Ergänzungsband.</subfield>
      </datafield>
      <datafield tag="796" ind1="1" ind2=" ">
         <subfield code="a">Tadmor, Hayim,</subfield>
         <subfield code="e">former owner.</subfield>
      </datafield>
      <datafield tag="796" ind1="1" ind2=" ">
         <subfield code="a">Tadmor, Miriam,</subfield>
         <subfield code="e">former owner.</subfield>
      </datafield>
      <datafield tag="797" ind1="2" ind2=" ">
         <subfield code="a">Tadmor Collection.</subfield>
      </datafield>
      <datafield tag="785" ind1="0" ind2="0">
         <subfield code="t">Archäologische Mitteilungen aus Iran und Turan</subfield>
         <subfield code="x">1434-2758</subfield>
         <subfield code="w">(DLC)sn 98052175</subfield>
         <subfield code="w">(OCoLC)39534359</subfield>
      </datafield>
      <datafield tag="866" ind1="4" ind2="1">
         <subfield code="l">IFA</subfield>
         <subfield code="d">Offsite</subfield>
         <subfield code="e">0310</subfield>
         <subfield code="f">0</subfield>
         <subfield code="g">5</subfield>
         <subfield code="j">1-9; 1-13</subfield>
         <subfield code="k">1929-1938; 1968-1980</subfield>
      </datafield>
      <datafield tag="866" ind1=" " ind2=" ">
         <subfield code="l">IFA</subfield>
         <subfield code="d">Periodicals</subfield>
         <subfield code="e">0204</subfield>
         <subfield code="f">0</subfield>
         <subfield code="g">5</subfield>
         <subfield code="j">14-28</subfield>
         <subfield code="k">1981-1995/1996</subfield>
      </datafield>
      <datafield tag="OWN" ind1=" " ind2=" ">
         <subfield code="a">GENERAL</subfield>
      </datafield>
      <datafield tag="998" ind1=" " ind2=" ">
         <subfield code="a">05/19/83</subfield>
         <subfield code="t">c</subfield>
         <subfield code="s">9116</subfield>
         <subfield code="l">NYUG</subfield>
         <subfield code="n">NNU</subfield>
         <subfield code="w">DCLC386357S</subfield>
         <subfield code="d">05/19/83</subfield>
         <subfield code="c">MRA</subfield>
         <subfield code="b">MRA</subfield>
         <subfield code="i">830519</subfield>
      </datafield>
      <datafield tag="AVA" ind1=" " ind2=" ">
         <subfield code="a">NYU50</subfield>
         <subfield code="b">NIFA</subfield>
         <subfield code="c">Main Collection</subfield>
         <subfield code="d">Non-Circulating</subfield>
         <subfield code="e">check_holdings</subfield>
         <subfield code="t">Check Holdings</subfield>
         <subfield code="h">Y</subfield>
         <subfield code="j">MAIN</subfield>
         <subfield code="k">0</subfield>
      </datafield>
      <datafield tag="AVA" ind1=" " ind2=" ">
         <subfield code="a">NYU50</subfield>
         <subfield code="b">NISAW</subfield>
         <subfield code="c">Oak Collection</subfield>
         <subfield code="d">DS261.A1 .A66</subfield>
         <subfield code="e">available</subfield>
         <subfield code="t">Available</subfield>
         <subfield code="f">1</subfield>
         <subfield code="g">0</subfield>
         <subfield code="h">N</subfield>
         <subfield code="i">0</subfield>
         <subfield code="j">OAK</subfield>
         <subfield code="k">0</subfield>
      </datafield>
      <marc:datafield tag="852" ind1=" " ind2=" ">
         <marc:subfield code="b">Institute for the Study of the Ancient World, </marc:subfield>
         <marc:subfield code="c">Oak Collection</marc:subfield>
         <marc:subfield code="e">15 East 84th St., </marc:subfield>
         <marc:subfield code="e">New York, NY  10028</marc:subfield>
      </marc:datafield>
   </record>