
  
  
  
  
  
  
  
  
 
  
  <record xsi:schemaLocation="http://www.loc.gov/MARC21/slim http://www.loc.gov/standards/marcxml/schema/MARC21slim.xsd">
      <leader>00000cam  2200373 i 4500</leader>
      <controlfield tag="FMT">BK</controlfield>
      <controlfield tag="LDR">00000cam  2200373 i 4500</controlfield>
      <controlfield tag="001">004093167</controlfield>
      <controlfield tag="003">OCoLC</controlfield>
      <controlfield tag="005">20150309124128.0</controlfield>
      <controlfield tag="008">141105t20142014cc ab    b    001 0 eng d</controlfield>
      <datafield tag="015" ind1=" " ind2=" ">
         <subfield code="a">GBB4C7843</subfield>
         <subfield code="2">bnb</subfield>
      </datafield>
      <datafield tag="016" ind1="7" ind2=" ">
         <subfield code="a">016940951</subfield>
         <subfield code="2">Uk</subfield>
      </datafield>
      <datafield tag="020" ind1=" " ind2=" ">
         <subfield code="a">9789622178526</subfield>
         <subfield code="q">(hbk.)</subfield>
      </datafield>
      <datafield tag="020" ind1=" " ind2=" ">
         <subfield code="a">9622178529</subfield>
         <subfield code="q">(hbk.)</subfield>
      </datafield>
      <datafield tag="035" ind1="7" ind2=" ">
         <subfield code="a">ybp10849854</subfield>
      </datafield>
      <datafield tag="035" ind1=" " ind2=" ">
         <subfield code="a">(OCoLC)896856124</subfield>
         <subfield code="z">(OCoLC)870098646</subfield>
         <subfield code="z">(OCoLC)870286357</subfield>
      </datafield>
      <datafield tag="040" ind1=" " ind2=" ">
         <subfield code="a">UKMGB</subfield>
         <subfield code="b">eng</subfield>
         <subfield code="e">rda</subfield>
         <subfield code="c">UKMGB</subfield>
         <subfield code="d">YDXCP</subfield>
         <subfield code="d">OCLCO</subfield>
         <subfield code="d">OCLCQ</subfield>
         <subfield code="d">NDD</subfield>
         <subfield code="d">BTCTA</subfield>
         <subfield code="d">NNU</subfield>
      </datafield>
      <datafield tag="043" ind1=" " ind2=" ">
         <subfield code="a">a-kz---</subfield>
      </datafield>
      <datafield tag="050" ind1=" " ind2="4">
         <subfield code="a">DK908.6</subfield>
         <subfield code="b">.T74 2014</subfield>
      </datafield>
      <datafield tag="082" ind1="0" ind2="4">
         <subfield code="a">958.45</subfield>
         <subfield code="2">23</subfield>
      </datafield>
      <datafield tag="100" ind1="1" ind2=" ">
         <subfield code="a">Tredinnick, Jeremy</subfield>
         <subfield code="e">author.</subfield>
      </datafield>
      <datafield tag="245" ind1="1" ind2="3">
         <subfield code="a">An illustrated history of Kazakhstan :</subfield>
         <subfield code="b">Asia's heartland in context /</subfield>
         <subfield code="c">Jeremy Tredinnick.</subfield>
      </datafield>
      <datafield tag="250" ind1=" " ind2=" ">
         <subfield code="a">First Edition.</subfield>
      </datafield>
      <datafield tag="264" ind1=" " ind2="1">
         <subfield code="a">Hong Kong :</subfield>
         <subfield code="b">Odyssey Books &amp; Maps,</subfield>
         <subfield code="c">[2014]</subfield>
      </datafield>
      <datafield tag="264" ind1=" " ind2="4">
         <subfield code="c">©2014</subfield>
      </datafield>
      <datafield tag="300" ind1=" " ind2=" ">
         <subfield code="a">200 pages :</subfield>
         <subfield code="b">color illustrations, color maps ;</subfield>
         <subfield code="c">31 cm</subfield>
      </datafield>
      <datafield tag="336" ind1=" " ind2=" ">
         <subfield code="a">text</subfield>
         <subfield code="b">txt</subfield>
         <subfield code="2">rdacontent</subfield>
      </datafield>
      <datafield tag="336" ind1=" " ind2=" ">
         <subfield code="a">still image</subfield>
         <subfield code="b">sti</subfield>
         <subfield code="2">rdacontent</subfield>
      </datafield>
      <datafield tag="336" ind1=" " ind2=" ">
         <subfield code="a">cartographic image</subfield>
         <subfield code="b">cri</subfield>
         <subfield code="2">rdacontent</subfield>
      </datafield>
      <datafield tag="337" ind1=" " ind2=" ">
         <subfield code="a">unmediated</subfield>
         <subfield code="b">n</subfield>
         <subfield code="2">rdamedia</subfield>
      </datafield>
      <datafield tag="338" ind1=" " ind2=" ">
         <subfield code="a">volume</subfield>
         <subfield code="b">nc</subfield>
         <subfield code="2">rdacarrier</subfield>
      </datafield>
      <datafield tag="500" ind1=" " ind2=" ">
         <subfield code="a">ISAW copy is a gift of His Excellency Erlan Idrissov.</subfield>
         <subfield code="5">NNU</subfield>
      </datafield>
      <datafield tag="504" ind1=" " ind2=" ">
         <subfield code="a">Includes bibliographical references and index.</subfield>
      </datafield>
      <datafield tag="505" ind1="0" ind2="0">
         <subfield code="t">Foreword /</subfield>
         <subfield code="r">Idrissov, Erlan A. --</subfield>
         <subfield code="t">Pre-history : human migrations and the Stone Age.</subfield>
         <subfield code="t">Stone Age in Kazakhstan /</subfield>
         <subfield code="r">Taimagambetov, Zhaken K. --</subfield>
         <subfield code="r">Deom, Jean-Marc --</subfield>
         <subfield code="t">Early civilizations : the Bronze Age cultures.</subfield>
         <subfield code="t">Bronze Age in Kazakhstan /</subfield>
         <subfield code="r">Sala, Renato --</subfield>
         <subfield code="t">Golden era : the Scythians, horse lords of the steppe.</subfield>
         <subfield code="t">Saka tribes and cultural treasures of Kazakhstan /</subfield>
         <subfield code="r">Baipakov, Karl M. --</subfield>
         <subfield code="t">Silk road : the Wusun and the linking of East and West.</subfield>
         <subfield code="t">Great silk way : a dialogue of cultures /</subfield>
         <subfield code="r">Baipakov, Karl M. --</subfield>
         <subfield code="t">Turkic expansion : Khaganates and the great steppe cities.</subfield>
         <subfield code="t">Turkic Khaganate : a brief history and unique cultural features /</subfield>
         <subfield code="r">Kundakbayeva, Zhanat --</subfield>
         <subfield code="t">Rise of the Kazakh Khaganate : the Zhuzes unite.</subfield>
         <subfield code="t">Evolution of Kazakh statehood /</subfield>
         <subfield code="r">Abusseitova, Meruyert Kh. --</subfield>
         <subfield code="t">Russian empire : acquiescence and cultural unrest.</subfield>
         <subfield code="t">Tsarist strategies for the conquest of the steppe /</subfield>
         <subfield code="r">Yerofeyeva, Irina --</subfield>
         <subfield code="t">Soviet era : collectivization, exiles and the "Kazakhstan tragedy."</subfield>
         <subfield code="t">Communism and the effects of the Soviet experiment /</subfield>
         <subfield code="r">Sabol, Steven --</subfield>
         <subfield code="t">New nation : independence and first steps into a modern world.</subfield>
         <subfield code="t">Creation of a sovereign state : 1991-2000 /</subfield>
         <subfield code="r">Kassymova, Didar --</subfield>
         <subfield code="t">New millennium : meeting the challenge of great potential.</subfield>
         <subfield code="t">Eurasian hub on the modern Silk Road /</subfield>
         <subfield code="r">Weitz, Richard --</subfield>
         <subfield code="t">Our past is prelude to our future : Kazakhstan's continuing modernization and leadership /</subfield>
         <subfield code="r">Umarov, Kairat.</subfield>
      </datafield>
      <datafield tag="651" ind1=" " ind2="0">
         <subfield code="a">Kazakhstan</subfield>
         <subfield code="x">History.</subfield>
      </datafield>
      <datafield tag="651" ind1=" " ind2="0">
         <subfield code="a">Kazakhstan</subfield>
         <subfield code="x">History</subfield>
         <subfield code="v">Pictorial works.</subfield>
      </datafield>
      <datafield tag="796" ind1="1" ind2=" ">
         <subfield code="a">Idrisov, Erlan,</subfield>
         <subfield code="d">1959-</subfield>
         <subfield code="e">donor.</subfield>
      </datafield>
      <datafield tag="OWN" ind1=" " ind2=" ">
         <subfield code="a">GENERAL</subfield>
      </datafield>
      <datafield tag="980" ind1=" " ind2=" ">
         <subfield code="a">20141218</subfield>
         <subfield code="b">34.95</subfield>
         <subfield code="e">28.66</subfield>
         <subfield code="v">15086</subfield>
         <subfield code="g">1</subfield>
         <subfield code="f">40024358250</subfield>
      </datafield>
      <datafield tag="981" ind1=" " ind2=" ">
         <subfield code="c">BMAIN</subfield>
      </datafield>
      <datafield tag="982" ind1=" " ind2=" ">
         <subfield code="f">40024358250</subfield>
         <subfield code="b">203011</subfield>
      </datafield>
      <datafield tag="986" ind1=" " ind2=" ">
         <subfield code="a">10849854</subfield>
      </datafield>
      <datafield tag="049" ind1=" " ind2=" ">
         <subfield code="a">BMAIN</subfield>
      </datafield>
      <datafield tag="AVA" ind1=" " ind2=" ">
         <subfield code="a">NYU50</subfield>
         <subfield code="b">BOBST</subfield>
         <subfield code="c">Main Collection</subfield>
         <subfield code="d">DK908.6 .T74 2014 Oversize</subfield>
         <subfield code="e">available</subfield>
         <subfield code="t">Available</subfield>
         <subfield code="f">1</subfield>
         <subfield code="g">0</subfield>
         <subfield code="h">N</subfield>
         <subfield code="i">0</subfield>
         <subfield code="j">MAIN</subfield>
         <subfield code="k">0</subfield>
      </datafield>
      <datafield tag="AVA" ind1=" " ind2=" ">
         <subfield code="a">NYU50</subfield>
         <subfield code="b">NISAW</subfield>
         <subfield code="c">Large Collection</subfield>
         <subfield code="d">DK908.6 .T74 2014</subfield>
         <subfield code="e">available</subfield>
         <subfield code="t">Available</subfield>
         <subfield code="f">1</subfield>
         <subfield code="g">0</subfield>
         <subfield code="h">N</subfield>
         <subfield code="i">0</subfield>
         <subfield code="j">LARGE</subfield>
         <subfield code="k">0</subfield>
      </datafield>
      <marc:datafield tag="852" ind1=" " ind2=" ">
         <marc:subfield code="b">Institute for the Study of the Ancient World, </marc:subfield>
         <marc:subfield code="c">Large Collection</marc:subfield>
         <marc:subfield code="e">15 East 84th St., </marc:subfield>
         <marc:subfield code="e">New York, NY  10028</marc:subfield>
      </marc:datafield>
   </record>