
  
  
  
  
  
  
 
  
  <record xsi:schemaLocation="http://www.loc.gov/MARC21/slim http://www.loc.gov/standards/marcxml/schema/MARC21slim.xsd">
      <leader>00000nam  22      i 4500</leader>
      <controlfield tag="FMT">BK</controlfield>
      <controlfield tag="LDR">00000nam  22      i 4500</controlfield>
      <controlfield tag="001">004116851</controlfield>
      <controlfield tag="005">20150311154656.0</controlfield>
      <controlfield tag="008">150311t20142014tu abe   b    000 0 tur d</controlfield>
      <datafield tag="020" ind1=" " ind2=" ">
         <subfield code="a">9789750830983</subfield>
      </datafield>
      <datafield tag="040" ind1=" " ind2=" ">
         <subfield code="a">NNU</subfield>
         <subfield code="b">eng</subfield>
         <subfield code="e">rda</subfield>
         <subfield code="c">NNU</subfield>
      </datafield>
      <datafield tag="041" ind1="1" ind2=" ">
         <subfield code="a">tur</subfield>
         <subfield code="a">eng</subfield>
         <subfield code="h">tur</subfield>
      </datafield>
      <datafield tag="043" ind1=" " ind2=" ">
         <subfield code="a">a-tu---</subfield>
      </datafield>
      <datafield tag="050" ind1=" " ind2="4">
         <subfield code="a">DS156.P4</subfield>
         <subfield code="b">P457 2014</subfield>
      </datafield>
      <datafield tag="245" ind1="0" ind2="0">
         <subfield code="a">Pergamon :</subfield>
         <subfield code="b">Anadolu'da Hellenistik bir başkent = a Hellenistic capital in Anatolia /</subfield>
         <subfield code="c">hazırlayanlar = editors, Felix Pirson, Andreas Scholl.</subfield>
      </datafield>
      <datafield tag="250" ind1=" " ind2=" ">
         <subfield code="a">1. baskı</subfield>
      </datafield>
      <datafield tag="264" ind1=" " ind2="1">
         <subfield code="a">İstanbul :</subfield>
         <subfield code="b">Tüpraş ;</subfield>
         <subfield code="b">Yapı Kredi Kültür Sanat Yayıncılık Ticaret ve Sanayi A.Ş.,</subfield>
         <subfield code="c">2014.</subfield>
      </datafield>
      <datafield tag="264" ind1=" " ind2="4">
         <subfield code="c">©2014</subfield>
      </datafield>
      <datafield tag="300" ind1=" " ind2=" ">
         <subfield code="a">551 pages :</subfield>
         <subfield code="b">color illustrations, maps, plans, 1 folded plate ;</subfield>
         <subfield code="c">34 cm.</subfield>
      </datafield>
      <datafield tag="336" ind1=" " ind2=" ">
         <subfield code="a">text</subfield>
         <subfield code="b">txt</subfield>
         <subfield code="2">rdacontent</subfield>
      </datafield>
      <datafield tag="336" ind1=" " ind2=" ">
         <subfield code="a">still image</subfield>
         <subfield code="b">sti</subfield>
         <subfield code="2">rdacontent</subfield>
      </datafield>
      <datafield tag="337" ind1=" " ind2=" ">
         <subfield code="a">unmediated</subfield>
         <subfield code="b">n</subfield>
         <subfield code="2">rdamedia</subfield>
      </datafield>
      <datafield tag="338" ind1=" " ind2=" ">
         <subfield code="a">volume</subfield>
         <subfield code="b">nc</subfield>
         <subfield code="2">rdacarrier</subfield>
      </datafield>
      <datafield tag="490" ind1="1" ind2=" ">
         <subfield code="a">Anadolu uygarlıkları serisi = Anatolian civilizations series ;</subfield>
         <subfield code="v">[4]</subfield>
      </datafield>
      <datafield tag="504" ind1=" " ind2=" ">
         <subfield code="a">Includes bibliographical references.</subfield>
      </datafield>
      <datafield tag="505" ind1="0" ind2="0">
         <subfield code="a">"O kadar yüce ve muhteşem bir eser ki... dünyaya bir kez daha bahşedilmiş gibi!" (C. Humann 1880) : 1900 Yılına Kadar Pergamon Kazılarının Tarihçesi =</subfield>
         <subfield code="t">Araştirma ve koruma =</subfield>
         <subfield code="t">Exploration and preservation.</subfield>
         <subfield code="t">"A work so grand and magnificent... had been restored to the world!" (C. Humann 1880) : History of the excavations at Pergamon up to 1900 /</subfield>
         <subfield code="r">Kästner, Ursula --</subfield>
         <subfield code="t">"Artık eğlence ve oyun bitti!" (A. Conze 1904) : 20. yüzyıldaki Pergamon kazıları =</subfield>
         <subfield code="t">"The fun and games are over!" (A. Conze 1904) : the excavations of the 20th century /</subfield>
         <subfield code="r">Radt, Wolfgang --</subfield>
         <subfield code="t">Kent ve çevresi : gelenek ve yenilik arasında Pergamon araştırmaları =</subfield>
         <subfield code="t">The city and its landscape : tradition and innovation in the investigation of Pergamon /</subfield>
         <subfield code="r">Pirson, Felix --</subfield>
         <subfield code="t">Pergamon : bir antik dönem metropolünün panoraması : Berlin'deki Pergamon araştırmalarının kaynaştırıcı etkeni ve vitrini olarak Pergamon sergisi =</subfield>
         <subfield code="t">Pergamon : panorama of the ancient metropolis : an exhibition as catalyst and showcase of Pergamon research in Berlin /</subfield>
         <subfield code="r">Scholl, Andreas --</subfield>
         <subfield code="t">Ortaya çıkarmak ve korumak : Pergamon'da 130 yıllık restorasyon tarihçesi =</subfield>
         <subfield code="t">Excavation and conservation : 130 years of restoration history at Pergamon /</subfield>
         <subfield code="r">Bachmann, Martin.</subfield>
         <subfield code="t">Tarih ve çevre =</subfield>
         <subfield code="t">History and landscape.</subfield>
         <subfield code="t">Tarih öncesi dönemde Pergamon bakırçay (Kaikos) ovası =</subfield>
         <subfield code="t">Pergamon and the Kaikos Valley in prehistoric times /</subfield>
         <subfield code="r">Horejs, Barbara --</subfield>
         <subfield code="t">Bir antik dönem metropolünün tarihçesi =</subfield>
         <subfield code="t">A brief history of Pergamon /</subfield>
         <subfield code="r">Gehrke, Hans-Joachim --</subfield>
         <subfield code="t">Pergamon ve çevresi : ekonomik kaynaklar, taşra yerleşmeleri ve siyasi gücün temsili =</subfield>
         <subfield code="t">The hinterland of Pergamon : economic resources, rural settlements and political manifestation /</subfield>
         <subfield code="r">Pirson, Felix --</subfield>
         <subfield code="t">Zimmermann, Martin --</subfield>
         <subfield code="t">Bizans dönemi'nde Pergamon =</subfield>
         <subfield code="t">History and archaeology of the Byzantine town /</subfield>
         <subfield code="r">Otten, Thomas.</subfield>
      </datafield>
      <datafield tag="505" ind1="8" ind2="0">
         <subfield code="t">Kent gelişimi, şehircilik ve mimari =</subfield>
         <subfield code="t">City development, planning and architecture.</subfield>
         <subfield code="t">Antik Pergamon kentinin konumu ve gelişimi =</subfield>
         <subfield code="t">Location and development of ancient Pergamon /</subfield>
         <subfield code="r">Radt, Wolfgang --</subfield>
         <subfield code="t">Hellenistik dönem Pergamonu'nda kentsel alan ve şehircilik =</subfield>
         <subfield code="t">Urban space and urban planning in Hellenistic Pergamon /</subfield>
         <subfield code="r">Pirson, Felix --</subfield>
         <subfield code="t">Pergamon mimarisi ve yapı Teknikleri =</subfield>
         <subfield code="t">The water supply system of ancient Pergamon /</subfield>
         <subfield code="r">Fahlbusch, Henning.</subfield>
         <subfield code="t">Insanların yaşam alanları =</subfield>
         <subfield code="t">The human domain.</subfield>
         <subfield code="t">Bir kent olarak Pergamon : kurumlar, görevliler ve halk =</subfield>
         <subfield code="t">Pergamon as a polis : institutions, offices and population /</subfield>
         <subfield code="r">Müller, Helmut --</subfield>
         <subfield code="t">Basileia : Pergamon sarayları'nın bulunduğu alan =</subfield>
         <subfield code="t">The Basileia : the palace district of Pergamon /</subfield>
         <subfield code="r">Zimmer, Torsten --</subfield>
         <subfield code="t">Tiyatro kompleksi ve Dionysos Tapınağı =</subfield>
         <subfield code="t">The theatre complex and the Temple of Dionysos /</subfield>
         <subfield code="r">Maischberger, Martin --</subfield>
         <subfield code="t">Mimarisi, işlevi ve heykelleriyle Gymnasion =</subfield>
         <subfield code="t">The Gymnasium : architecture, use and images /</subfield>
         <subfield code="r">Mathys, Marianne --</subfield>
         <subfield code="r">Stappmanns, Verena --</subfield>
         <subfield code="r">Hoff, R. von den --</subfield>
         <subfield code="t">Pergamon Agoraları =</subfield>
         <subfield code="t">The Agorai of Pergamon /</subfield>
         <subfield code="r">Mathys, Marianne --</subfield>
         <subfield code="t">Antik Pergamon evlerinde yaşam =</subfield>
         <subfield code="t">The ancient residential buildings of Pergamon /</subfield>
         <subfield code="r">Wulf-Rheidt, Ulrike --</subfield>
         <subfield code="t">Pergamon Nekropolleri =</subfield>
         <subfield code="t">The Necropoleis of Pergamon /</subfield>
         <subfield code="r">Kep, Ute.</subfield>
      </datafield>
      <datafield tag="505" ind1="8" ind2="0">
         <subfield code="t">Tanrıların mekânlari =</subfield>
         <subfield code="t">The sacred domain.</subfield>
         <subfield code="t">Pergamon'da tanrılar ve kutsal alanlar =</subfield>
         <subfield code="t">Cults and sanctuaries in Pergamon /</subfield>
         <subfield code="r">Agelidis, Soi --</subfield>
         <subfield code="t">Attaloslar ve hükümdar kültü =</subfield>
         <subfield code="t">The ruler cult of the Attalids /</subfield>
         <subfield code="r">Schwarzer, Holger --</subfield>
         <subfield code="t">Pergamon'da doğa ve kült : ana tanrıça inancı ve doğal kutsal alanlar =</subfield>
         <subfield code="t">Nature and cult in Pergamon : Meter worship and natural sanctuaries /</subfield>
         <subfield code="r">Ateş, Güler --</subfield>
         <subfield code="t">Athena kutsal alanı =</subfield>
         <subfield code="t">The Sanctuary of Athena /</subfield>
         <subfield code="r">Kästner, Volker --</subfield>
         <subfield code="t">Sunak terası =</subfield>
         <subfield code="t">The altar terrace /</subfield>
         <subfield code="r">Kästner, Volker --</subfield>
         <subfield code="t">Pergamon sunaği : Homeros'tan ilham alan bir Zeus sarayı mı? =</subfield>
         <subfield code="t">The Pergamon altar : a palace of Zeus with Homeric traits? /</subfield>
         <subfield code="r">Scholl, Andreas --</subfield>
         <subfield code="t">Pergamon Asklepieionu =</subfield>
         <subfield code="t">The Asklepieion of Pergamon /</subfield>
         <subfield code="r">Riethmüller, Jürgen W. --</subfield>
         <subfield code="t">Imparatorluk kültüne adanmış bir tapınak : Pergamon Traianeumu =</subfield>
         <subfield code="t">A temple for the imperial cult : the Trajaneum of Pergamon /</subfield>
         <subfield code="r">Nohlen, Klaus --</subfield>
         <subfield code="t">Kızıl avlu : Pergamon Pantheonu mu? =</subfield>
         <subfield code="t">The red hall : a Pergamon Pantheon? /</subfield>
         <subfield code="r">Mania, Ulrich --</subfield>
         <subfield code="t">"Şeytanın tahtının bulunduğu yer" : Pergamon'da ilk Hıristiyanlar =</subfield>
         <subfield code="t">"Where Satan's throne is" : early Christians in Pergamon /</subfield>
         <subfield code="r">Grüssinger, Ralf.</subfield>
      </datafield>
      <datafield tag="546" ind1=" " ind2=" ">
         <subfield code="a">Turkish and English.</subfield>
      </datafield>
      <datafield tag="650" ind1=" " ind2="0">
         <subfield code="a">Excavations (Archaeology)</subfield>
         <subfield code="z">Turkey</subfield>
         <subfield code="z">Pergamum (Extinct city).</subfield>
      </datafield>
      <datafield tag="651" ind1=" " ind2="0">
         <subfield code="a">Pergamum (Extinct city)</subfield>
      </datafield>
      <datafield tag="651" ind1=" " ind2="0">
         <subfield code="a">Turkey</subfield>
         <subfield code="x">Antiquities.</subfield>
      </datafield>
      <datafield tag="700" ind1="1" ind2=" ">
         <subfield code="a">Pirson, Felix</subfield>
         <subfield code="e">editor.</subfield>
      </datafield>
      <datafield tag="700" ind1="1" ind2=" ">
         <subfield code="a">Scholl, Andreas,</subfield>
         <subfield code="d">1959-</subfield>
         <subfield code="e">editor.</subfield>
      </datafield>
      <datafield tag="830" ind1=" " ind2="0">
         <subfield code="a">Anadolu uygarlıkları serisi ;</subfield>
         <subfield code="v">[4].</subfield>
      </datafield>
      <datafield tag="OWN" ind1=" " ind2=" ">
         <subfield code="a">GENERAL</subfield>
      </datafield>
      <datafield tag="AVA" ind1=" " ind2=" ">
         <subfield code="a">NYU50</subfield>
         <subfield code="b">NIFA</subfield>
         <subfield code="c">Main Collection</subfield>
         <subfield code="d">DS156.P4 P457 2014 Non-circulating</subfield>
         <subfield code="e">available</subfield>
         <subfield code="t">Available</subfield>
         <subfield code="f">1</subfield>
         <subfield code="g">0</subfield>
         <subfield code="h">N</subfield>
         <subfield code="i">0</subfield>
         <subfield code="j">MAIN</subfield>
         <subfield code="k">0</subfield>
      </datafield>
      <datafield tag="AVA" ind1=" " ind2=" ">
         <subfield code="a">NYU50</subfield>
         <subfield code="b">NISAW</subfield>
         <subfield code="c">Oversize Collection</subfield>
         <subfield code="d">DS156.P4 P457 2014</subfield>
         <subfield code="e">available</subfield>
         <subfield code="t">Available</subfield>
         <subfield code="f">1</subfield>
         <subfield code="g">0</subfield>
         <subfield code="h">N</subfield>
         <subfield code="i">0</subfield>
         <subfield code="j">OVERZ</subfield>
         <subfield code="k">0</subfield>
      </datafield>
      <marc:datafield tag="852" ind1=" " ind2=" ">
         <marc:subfield code="b">Institute for the Study of the Ancient World, </marc:subfield>
         <marc:subfield code="c">Oversize Collection</marc:subfield>
         <marc:subfield code="e">15 East 84th St., </marc:subfield>
         <marc:subfield code="e">New York, NY  10028</marc:subfield>
      </marc:datafield>
   </record>