
  
  
  
  
  
 
  
  <record xsi:schemaLocation="http://www.loc.gov/MARC21/slim http://www.loc.gov/standards/marcxml/schema/MARC21slim.xsd">
      <leader>00000cam a22      i 4500</leader>
      <controlfield tag="FMT">BK</controlfield>
      <controlfield tag="LDR">00000cam a22      i 4500</controlfield>
      <controlfield tag="001">004116843</controlfield>
      <controlfield tag="005">20150311151356.0</controlfield>
      <controlfield tag="008">150311s1978    is ab    b    000 0 heb d</controlfield>
      <datafield tag="010" ind1=" " ind2=" ">
         <subfield code="a">he 79951001</subfield>
      </datafield>
      <datafield tag="035" ind1=" " ind2=" ">
         <subfield code="a">(OCoLC)15705301</subfield>
         <subfield code="z">(OCoLC)19166166</subfield>
         <subfield code="z">(OCoLC)123249767</subfield>
      </datafield>
      <datafield tag="040" ind1=" " ind2=" ">
         <subfield code="a">RRR</subfield>
         <subfield code="b">eng</subfield>
         <subfield code="c">RRR</subfield>
         <subfield code="d">FGM</subfield>
         <subfield code="d">BOS</subfield>
         <subfield code="d">HLS</subfield>
         <subfield code="d">CUY</subfield>
         <subfield code="d">STF</subfield>
         <subfield code="d">LOA</subfield>
         <subfield code="d">LGG</subfield>
         <subfield code="d">AI#</subfield>
         <subfield code="d">OCLCF</subfield>
         <subfield code="d">OCLCQ</subfield>
         <subfield code="d">OCLCO</subfield>
         <subfield code="d">NNU</subfield>
      </datafield>
      <datafield tag="043" ind1=" " ind2=" ">
         <subfield code="a">a-is---</subfield>
      </datafield>
      <datafield tag="050" ind1=" " ind2="4">
         <subfield code="a">DS122.9</subfield>
         <subfield code="b">.M47 1978</subfield>
      </datafield>
      <datafield tag="245" ind1="0" ind2="0">
         <subfield code="6">880-01</subfield>
         <subfield code="a">Meridot ha-Yehudim bi-yeme Ṭrayanus, 115-117 li-s. ha-N. /</subfield>
         <subfield code="c">ʻarakh Daṿid Roḳeaḥ.</subfield>
      </datafield>
      <datafield tag="260" ind1=" " ind2=" ">
         <subfield code="6">880-02</subfield>
         <subfield code="a">Yerushalayim :</subfield>
         <subfield code="b">Merkaz Zalman Shazar le-haʻamaḳat ha-todaʻah ha-hisṭorit ha-Yehudit, ha-Ḥevrah ha-hisṭorit ha-Yiśreʼelit,</subfield>
         <subfield code="c">738, [1978]</subfield>
      </datafield>
      <datafield tag="300" ind1=" " ind2=" ">
         <subfield code="a">215 pages :</subfield>
         <subfield code="b">illustrations, maps ;</subfield>
         <subfield code="c">24 cm.</subfield>
      </datafield>
      <datafield tag="336" ind1=" " ind2=" ">
         <subfield code="a">text</subfield>
         <subfield code="b">txt</subfield>
         <subfield code="2">rdacontent</subfield>
      </datafield>
      <datafield tag="337" ind1=" " ind2=" ">
         <subfield code="a">unmediated</subfield>
         <subfield code="b">n</subfield>
         <subfield code="2">rdamedia</subfield>
      </datafield>
      <datafield tag="338" ind1=" " ind2=" ">
         <subfield code="a">volume</subfield>
         <subfield code="b">nc</subfield>
         <subfield code="2">rdacarrier</subfield>
      </datafield>
      <datafield tag="490" ind1="1" ind2=" ">
         <subfield code="6">880-03</subfield>
         <subfield code="a">Sugyot be-toldot ʻam Yiśraʼel ;</subfield>
         <subfield code="v">8</subfield>
      </datafield>
      <datafield tag="500" ind1=" " ind2=" ">
         <subfield code="a">Added t.p.: Jewish rebellions in the time of Trajan, 115-117 C.E.</subfield>
      </datafield>
      <datafield tag="504" ind1=" " ind2=" ">
         <subfield code="a">Includes bibliographical references.</subfield>
      </datafield>
      <datafield tag="505" ind1="0" ind2=" ">
         <subfield code="a">שליט, א. דרכי הפוליטיקה המזרחית של רומי. ־־ גוטמן, י. מלחמות היהודים בימי טריינוס. ־־ אלון, ג. היהודים בקיפרוס, קפריסין, במאורעות במיסופוטאמיה. ־־ אפלבאום, ש. המלחמה, פרק שביעי (בחלקו). ־־ צריקובר, א. עלילות קדושי אלכסנדריה. ־־ פוקס, א. מרד היהודים במצרים 115־117 לסה״נ לאור הפאפירוסים. ־־ כשר, א. הערות והארות אחדות על מרד היהודים במצרים בימי טריאנוס. ־־ סמולווד, א.מ. ארץ־ישראל בשנים 115־118 לסה״נ. ־־ רוקח, ד. פולמוס של קיטוס, לבירורה של בעיה פילולוגית־היסטורית. ־־ אופנהיימר, א. היישוב היהודי בגליל בתקופת יבנה ומרד בר־כוכבא. ־־ פוקס, א. בחינות של מרד היהודים בשנים 115־117 לסה״נ.</subfield>
      </datafield>
      <datafield tag="500" ind1=" " ind2=" ">
         <subfield code="a">ISAW copy is from the Library of Hayim and Miriam Tadmor.</subfield>
         <subfield code="5">NNU</subfield>
      </datafield>
      <datafield tag="650" ind1=" " ind2="0">
         <subfield code="a">Jews</subfield>
         <subfield code="x">History</subfield>
         <subfield code="y">Rebellion, 115-117.</subfield>
      </datafield>
      <datafield tag="651" ind1=" " ind2="0">
         <subfield code="a">Rome</subfield>
         <subfield code="x">History</subfield>
         <subfield code="y">Trajan, 98-117.</subfield>
      </datafield>
      <datafield tag="700" ind1="1" ind2=" ">
         <subfield code="a">Rokeah, David</subfield>
         <subfield code="6">880-04</subfield>
      </datafield>
      <datafield tag="740" ind1="0" ind2=" ">
         <subfield code="a">Jewish rebellions in the time of Trajan, 115-117 C.E.</subfield>
      </datafield>
      <datafield tag="796" ind1="1" ind2=" ">
         <subfield code="a">Tadmor, Hayim,</subfield>
         <subfield code="e">former owner.</subfield>
      </datafield>
      <datafield tag="796" ind1="1" ind2=" ">
         <subfield code="a">Tadmor, Miriam,</subfield>
         <subfield code="e">former owner.</subfield>
      </datafield>
      <datafield tag="797" ind1="2" ind2=" ">
         <subfield code="a">Tadmor Collection.</subfield>
      </datafield>
      <datafield tag="880" ind1="0" ind2="0">
         <subfield code="6">245-01/</subfield>
         <subfield code="a">מרידות היהודים בימי טראיאנוס,117־115 לסה״נ /</subfield>
         <subfield code="c">ערך דוד רוקח.</subfield>
      </datafield>
      <datafield tag="880" ind1=" " ind2=" ">
         <subfield code="6">260-02/</subfield>
         <subfield code="a">‏ירושלים :‏</subfield>
         <subfield code="b">‏מרכז זלמן שזר להעמקת התודעה ההיסטורית היהודית : החברה ההיסטורית הישראלית, ‏</subfield>
         <subfield code="c">‏תשל״ח, 1978.</subfield>
      </datafield>
      <datafield tag="880" ind1="1" ind2=" ">
         <subfield code="6">490-03/</subfield>
         <subfield code="a">סוגיות בתולדות עם ישראל ;</subfield>
         <subfield code="v">לקט מאמרים 8</subfield>
      </datafield>
      <datafield tag="880" ind1="1" ind2=" ">
         <subfield code="6">700-04/</subfield>
         <subfield code="a">רוקח, דוד.</subfield>
      </datafield>
      <datafield tag="830" ind1=" " ind2="0">
         <subfield code="a">Sugyot be-toldot ʻam Yiśraʼel</subfield>
         <subfield code="6">880-05</subfield>
         <subfield code="v">8.</subfield>
      </datafield>
      <datafield tag="880" ind1=" " ind2="0">
         <subfield code="6">830-05/</subfield>
         <subfield code="a">סוגיות בתולדות עם ישראל ; ;</subfield>
         <subfield code="v">לקט מאמרים 8.</subfield>
      </datafield>
      <datafield tag="OWN" ind1=" " ind2=" ">
         <subfield code="a">GENERAL</subfield>
      </datafield>
      <datafield tag="AVA" ind1=" " ind2=" ">
         <subfield code="a">NYU50</subfield>
         <subfield code="b">NISAW</subfield>
         <subfield code="c">Small Collection</subfield>
         <subfield code="d">DS122.9 .M47 1978</subfield>
         <subfield code="e">available</subfield>
         <subfield code="t">Available</subfield>
         <subfield code="f">1</subfield>
         <subfield code="g">0</subfield>
         <subfield code="h">N</subfield>
         <subfield code="i">0</subfield>
         <subfield code="j">SMALL</subfield>
         <subfield code="k">0</subfield>
      </datafield>
      <marc:datafield tag="852" ind1=" " ind2=" ">
         <marc:subfield code="b">Institute for the Study of the Ancient World, </marc:subfield>
         <marc:subfield code="c">Small Collection</marc:subfield>
         <marc:subfield code="e">15 East 84th St., </marc:subfield>
         <marc:subfield code="e">New York, NY  10028</marc:subfield>
      </marc:datafield>
   </record>