
  
  
  
  
  
  
 
  
  <record xsi:schemaLocation="http://www.loc.gov/MARC21/slim http://www.loc.gov/standards/marcxml/schema/MARC21slim.xsd">
      <leader>00000cam a2200445 a 45M</leader>
      <controlfield tag="FMT">BK</controlfield>
      <controlfield tag="LDR">00000cam a2200445 a 45M</controlfield>
      <controlfield tag="001">001180999</controlfield>
      <controlfield tag="003">NNU</controlfield>
      <controlfield tag="005">20150320140856.0</controlfield>
      <controlfield tag="008">950328m19201964fr       b    000 0 fre</controlfield>
      <datafield tag="035" ind1="9" ind2=" ">
         <subfield code="a">NYUb11531232</subfield>
      </datafield>
      <datafield tag="035" ind1=" " ind2=" ">
         <subfield code="a">NHDG87-B15807</subfield>
      </datafield>
      <datafield tag="040" ind1=" " ind2=" ">
         <subfield code="d">NhD</subfield>
         <subfield code="d">NNU</subfield>
      </datafield>
      <datafield tag="041" ind1="1" ind2=" ">
         <subfield code="a">fregrc</subfield>
         <subfield code="h">grc</subfield>
      </datafield>
      <datafield tag="100" ind1="0" ind2=" ">
         <subfield code="a">Plato.</subfield>
      </datafield>
      <datafield tag="240" ind1="1" ind2="0">
         <subfield code="a">Works.</subfield>
         <subfield code="l">French &amp; Greek.</subfield>
         <subfield code="f">1920</subfield>
      </datafield>
      <datafield tag="245" ind1="1" ind2="0">
         <subfield code="a">Oeuvres complètes /</subfield>
         <subfield code="c">Platon ; texte établi et traduit par Maurice Croiset ... [et al.].</subfield>
      </datafield>
      <datafield tag="246" ind1="3" ind2=" ">
         <subfield code="a">Platon, Oeuvres complètes</subfield>
      </datafield>
      <datafield tag="260" ind1=" " ind2=" ">
         <subfield code="a">Paris :</subfield>
         <subfield code="b">Société d'édition "Les belles lettres", 1920-1964.</subfield>
      </datafield>
      <datafield tag="300" ind1=" " ind2=" ">
         <subfield code="a">14 v. in 26 ;</subfield>
         <subfield code="c">20 cm.</subfield>
      </datafield>
      <datafield tag="490" ind1="1" ind2=" ">
         <subfield code="a">Collection des universités de France</subfield>
      </datafield>
      <datafield tag="500" ind1=" " ind2=" ">
         <subfield code="a">ISAW copy is from the Library of Pieter Sijpesteijn.</subfield>
         <subfield code="5">NNU</subfield>
      </datafield>
      <datafield tag="500" ind1=" " ind2=" ">
         <subfield code="a">Greek text and French translation on opposite pages, numbered in duplicate; notes in French.</subfield>
      </datafield>
      <datafield tag="500" ind1=" " ind2=" ">
         <subfield code="a">Issued with various printing dates.</subfield>
      </datafield>
      <datafield tag="500" ind1=" " ind2=" ">
         <subfield code="a">Editors and translators vary.</subfield>
      </datafield>
      <datafield tag="500" ind1=" " ind2=" ">
         <subfield code="a">Editions vary: 1946 printing of t. 1 is 4. éd., rev. et corr.; 1976 printing of t. 12, ptie. 2 is 2e tirage rev. et corr.</subfield>
      </datafield>
      <datafield tag="504" ind1=" " ind2=" ">
         <subfield code="a">Includes bibliographical references.</subfield>
      </datafield>
      <datafield tag="505" ind1="0" ind2=" ">
         <subfield code="a">t.1. Introduction. Hippias Mineur. Alcibiade. Apologie de Socrate. Euthyphron. Criton. Texte établi et traduit par Maurice Croiset. 1920.--t.2. Hippias majeur. Charmide. Lachès. Lysis. Texte établi et traduit par Alfred Croiset. 1921.--t.3. 1. ptie. Protagoras. 2. ptie. Gorgias. Ménon. Texte établi et traduit par Alfred Croiset...avec la collaboration de Louis Bodin. 1923. 2v.--t.4. 1. ptie. Phédon. Texte établi et traduit par Léon Robin. 1926. 2. ptie. Le banquet. Texte établi et traduit par Léon Robin. 1929. 3. ptie. Phèdre. Texte établi et traduit par Léon Robin. 1933. 3v.--t.5. 1. ptie. Ion. Ménexène. Euthydème. Texte établi et traduit par Louis Méridier. 2. ptie. Cratyle. Texte établi et traduit par Louis Méridier. 1931. 2v.--t.6. La république, livres I-III. Texte établi et traduit par Émile Chambry...avec introduction d'Auguste Diès. 1932.--t.7. 1. ptie. La république, livres IV-VII. 2. ptie. La république, livres VIII-X. Texte établi et traduit par Émile Chambry. 1933-34. 2v.--t.8. 1. ptie. Parménide. 2. ptie. Théétète. 3. ptie. Le sophiste. Texte établi et traduit par Auguste Diès. 1923-25. 3v.--t.9. 1. ptie. Le politique.--t.9. 2. ptie. Philèbe. Texte établi et traduit par Auguste Diès.--t.10. Timée. Critias. Texte établi et traduit par Albert Rivaud, 1925.--</subfield>
      </datafield>
      <datafield tag="505" ind1="0" ind2=" ">
         <subfield code="a">t.11. Les lois. 1. ptie., livres I-II; 2. ptie., livres III-VI. Texte établi et traduit par Édouard des Places. Introd. de Auguste Diès et Louis Gernet. 1951.--t.12. Les lois. 1. ptie., livres VII-X. Texte établi et traduit par A. Dies. 1956. 2. ptie., livres XI-XII.--t.13. 1. ptie. Lettres. 2. ptie. Dialogues suspects. 3. ptie. Dialogues apocryphes. Texte établi et traduit par Joseph Souilhé. 1926-30. 3v.-t.14, 1. ptie. Lexique, A-L. 2. ptie. Lexique, M-O.</subfield>
      </datafield>
      <datafield tag="700" ind1="1" ind2=" ">
         <subfield code="a">Croiset, Maurice,</subfield>
         <subfield code="d">1846-1935.</subfield>
      </datafield>
      <datafield tag="700" ind1="1" ind2=" ">
         <subfield code="a">Croiset, Alfred,</subfield>
         <subfield code="d">1845-1923.</subfield>
      </datafield>
      <datafield tag="700" ind1="1" ind2=" ">
         <subfield code="a">Bodin, Louis,</subfield>
         <subfield code="d">b. 1869.</subfield>
      </datafield>
      <datafield tag="700" ind1="1" ind2=" ">
         <subfield code="a">Robin, Léon,</subfield>
         <subfield code="d">1866-1947.</subfield>
      </datafield>
      <datafield tag="700" ind1="1" ind2=" ">
         <subfield code="a">Méridier, Louis,</subfield>
         <subfield code="d">1879-1933.</subfield>
      </datafield>
      <datafield tag="700" ind1="1" ind2=" ">
         <subfield code="a">Chambry, Emile,</subfield>
         <subfield code="d">1864-</subfield>
      </datafield>
      <datafield tag="700" ind1="1" ind2=" ">
         <subfield code="a">Diès, Auguste,</subfield>
         <subfield code="d">1875-1958.</subfield>
      </datafield>
      <datafield tag="700" ind1="1" ind2=" ">
         <subfield code="a">Souilhé, Joseph,</subfield>
         <subfield code="d">d. 1941.</subfield>
      </datafield>
      <datafield tag="700" ind1="1" ind2=" ">
         <subfield code="a">Rivaud, Albert,</subfield>
         <subfield code="d">b. 1876.</subfield>
      </datafield>
      <datafield tag="700" ind1="1" ind2=" ">
         <subfield code="a">Des Places, Edouard,</subfield>
         <subfield code="d">1900-</subfield>
      </datafield>
      <datafield tag="700" ind1="1" ind2=" ">
         <subfield code="a">Gernet, Louis,</subfield>
         <subfield code="d">1882-</subfield>
      </datafield>
      <datafield tag="796" ind1="1" ind2=" ">
         <subfield code="a">Sijpesteijn, P. J.,</subfield>
         <subfield code="e">former owner.</subfield>
      </datafield>
      <datafield tag="797" ind1="2" ind2=" ">
         <subfield code="a">Sijpesteijn Collection.</subfield>
      </datafield>
      <datafield tag="830" ind1=" " ind2="0">
         <subfield code="a">Collection des universités de France</subfield>
      </datafield>
      <datafield tag="OWN" ind1=" " ind2=" ">
         <subfield code="a">GENERAL</subfield>
      </datafield>
      <datafield tag="950" ind1=" " ind2=" ">
         <subfield code="b">\881\P5\1920\</subfield>
      </datafield>
      <datafield tag="950" ind1=" " ind2=" ">
         <subfield code="d">\Standard\</subfield>
         <subfield code="b">\Unclassed\</subfield>
      </datafield>
      <datafield tag="AVA" ind1=" " ind2=" ">
         <subfield code="a">NYU50</subfield>
         <subfield code="b">BOBST</subfield>
         <subfield code="c">1st Floor Reference - Study</subfield>
         <subfield code="d">PA3641 .B8 v.255-280 Non-circulating</subfield>
         <subfield code="e">available</subfield>
         <subfield code="t">Available</subfield>
         <subfield code="f">55</subfield>
         <subfield code="g">0</subfield>
         <subfield code="h">Y</subfield>
         <subfield code="i">14</subfield>
         <subfield code="j">REF1S</subfield>
         <subfield code="k">0</subfield>
      </datafield>
      <datafield tag="AVA" ind1=" " ind2=" ">
         <subfield code="a">NYU50</subfield>
         <subfield code="b">NISAW</subfield>
         <subfield code="c">Small Collection</subfield>
         <subfield code="d">PA4279 .A2 1920</subfield>
         <subfield code="e">available</subfield>
         <subfield code="t">Available</subfield>
         <subfield code="f">4</subfield>
         <subfield code="g">0</subfield>
         <subfield code="h">Y</subfield>
         <subfield code="i">0</subfield>
         <subfield code="j">SMALL</subfield>
         <subfield code="k">0</subfield>
      </datafield>
      <marc:datafield tag="852" ind1=" " ind2=" ">
         <marc:subfield code="b">Institute for the Study of the Ancient World, </marc:subfield>
         <marc:subfield code="c">Small Collection</marc:subfield>
         <marc:subfield code="e">15 East 84th St., </marc:subfield>
         <marc:subfield code="e">New York, NY  10028</marc:subfield>
      </marc:datafield>
   </record>