
  
  
  
  
  
  
 
  
  <record xsi:schemaLocation="http://www.loc.gov/MARC21/slim http://www.loc.gov/standards/marcxml/schema/MARC21slim.xsd">
      <leader>00000cam  2200673 i 4500</leader>
      <controlfield tag="FMT">BK</controlfield>
      <controlfield tag="LDR">00000cam  2200673 i 4500</controlfield>
      <controlfield tag="001">002528910</controlfield>
      <controlfield tag="003">OCoLC</controlfield>
      <controlfield tag="005">20150312153338.0</controlfield>
      <controlfield tag="008">770824s1978    cau      b    000 0beng</controlfield>
      <datafield tag="010" ind1=" " ind2=" ">
         <subfield code="a">77014518</subfield>
      </datafield>
      <datafield tag="020" ind1=" " ind2=" ">
         <subfield code="a">0060674121</subfield>
      </datafield>
      <datafield tag="020" ind1=" " ind2=" ">
         <subfield code="a">9780060674120</subfield>
      </datafield>
      <datafield tag="035" ind1=" " ind2=" ">
         <subfield code="a">(OCoLC)3273846</subfield>
         <subfield code="z">(OCoLC)4198019</subfield>
      </datafield>
      <datafield tag="040" ind1=" " ind2=" ">
         <subfield code="a">DLC</subfield>
         <subfield code="b">eng</subfield>
         <subfield code="c">DLC</subfield>
         <subfield code="d">MUQ</subfield>
         <subfield code="d">NLGGC</subfield>
         <subfield code="d">BTCTA</subfield>
         <subfield code="d">TULIB</subfield>
         <subfield code="d">VNTRA</subfield>
         <subfield code="d">OCLCO</subfield>
         <subfield code="d">RRR</subfield>
         <subfield code="d">OCLCQ</subfield>
         <subfield code="d">NNU</subfield>
      </datafield>
      <datafield tag="043" ind1=" " ind2=" ">
         <subfield code="a">a-is---</subfield>
      </datafield>
      <datafield tag="050" ind1="0" ind2="0">
         <subfield code="a">BT304.93</subfield>
         <subfield code="b">.S63 1977</subfield>
      </datafield>
      <datafield tag="082" ind1="0" ind2="0">
         <subfield code="a">232</subfield>
      </datafield>
      <datafield tag="084" ind1=" " ind2=" ">
         <subfield code="a">11.46</subfield>
         <subfield code="2">bcl</subfield>
      </datafield>
      <datafield tag="100" ind1="1" ind2=" ">
         <subfield code="a">Smith, Morton,</subfield>
         <subfield code="d">1915-1991.</subfield>
      </datafield>
      <datafield tag="245" ind1="1" ind2="0">
         <subfield code="a">Jesus the magician /</subfield>
         <subfield code="c">Morton Smith.</subfield>
      </datafield>
      <datafield tag="250" ind1=" " ind2=" ">
         <subfield code="a">1st ed.</subfield>
      </datafield>
      <datafield tag="260" ind1=" " ind2=" ">
         <subfield code="a">San Francisco :</subfield>
         <subfield code="b">Harper &amp; Row,</subfield>
         <subfield code="c">©1978.</subfield>
      </datafield>
      <datafield tag="300" ind1=" " ind2=" ">
         <subfield code="a">ix, 222 pages ;</subfield>
         <subfield code="c">24 cm</subfield>
      </datafield>
      <datafield tag="336" ind1=" " ind2=" ">
         <subfield code="a">text</subfield>
         <subfield code="b">txt</subfield>
         <subfield code="2">rdacontent</subfield>
      </datafield>
      <datafield tag="337" ind1=" " ind2=" ">
         <subfield code="a">unmediated</subfield>
         <subfield code="b">n</subfield>
         <subfield code="2">rdamedia</subfield>
      </datafield>
      <datafield tag="338" ind1=" " ind2=" ">
         <subfield code="a">volume</subfield>
         <subfield code="b">nc</subfield>
         <subfield code="2">rdacarrier</subfield>
      </datafield>
      <datafield tag="500" ind1=" " ind2=" ">
         <subfield code="a">ISAW copy is from the Library of Pieter Sijpesteijn.</subfield>
         <subfield code="5">NNU</subfield>
      </datafield>
      <datafield tag="504" ind1=" " ind2=" ">
         <subfield code="a">Includes bibliographical references (pages 211-220).</subfield>
      </datafield>
      <datafield tag="505" ind1="0" ind2=" ">
         <subfield code="a">Suppressed evidence and perennial problems -- The historical framework -- What the outsiders said -- Evidence in the Gospels -- What the outsiders said -- Evidence outside the Gospels -- What the outsiders meant -- The marks of a magician -- The evidence for magical practices -- What the evidence shows -- Appendix A. The Pharisees in the Gospels -- Appendix B. Jesus vs. the prophets.</subfield>
      </datafield>
      <datafield tag="600" ind1="0" ind2="0">
         <subfield code="a">Jesus Christ</subfield>
         <subfield code="v">Biography</subfield>
         <subfield code="x">Miscellanea.</subfield>
      </datafield>
      <datafield tag="650" ind1=" " ind2="0">
         <subfield code="a">Magicians</subfield>
         <subfield code="z">Palestine</subfield>
         <subfield code="v">Biography.</subfield>
      </datafield>
      <datafield tag="650" ind1=" " ind2="0">
         <subfield code="a">Magic, Ancient.</subfield>
      </datafield>
      <datafield tag="600" ind1="0" ind2="4">
         <subfield code="a">Jesus Christ</subfield>
         <subfield code="v">Miscellanea</subfield>
         <subfield code="x">Miscellanea.</subfield>
      </datafield>
      <datafield tag="600" ind1="0" ind2="6">
         <subfield code="a">Jésus-Christ.</subfield>
      </datafield>
      <datafield tag="650" ind1="1" ind2="7">
         <subfield code="a">Wonderdoeners.</subfield>
         <subfield code="2">gtt</subfield>
      </datafield>
      <datafield tag="650" ind1="1" ind2="7">
         <subfield code="a">Magie.</subfield>
         <subfield code="2">gtt</subfield>
      </datafield>
      <datafield tag="650" ind1="1" ind2="7">
         <subfield code="a">Christologie.</subfield>
         <subfield code="2">gtt</subfield>
      </datafield>
      <datafield tag="776" ind1="0" ind2="8">
         <subfield code="i">Online version:</subfield>
         <subfield code="a">Smith, Morton, 1915-</subfield>
         <subfield code="t">Jesus the magician.</subfield>
         <subfield code="b">1st ed.</subfield>
         <subfield code="d">San Francisco : Harper &amp; Row, ©1978</subfield>
         <subfield code="w">(OCoLC)570036698</subfield>
      </datafield>
      <datafield tag="776" ind1="0" ind2="8">
         <subfield code="i">Online version:</subfield>
         <subfield code="a">Smith, Morton, 1915-</subfield>
         <subfield code="t">Jesus the magician.</subfield>
         <subfield code="b">1st ed.</subfield>
         <subfield code="d">San Francisco : Harper &amp; Row, ©1978</subfield>
         <subfield code="w">(OCoLC)610039907</subfield>
      </datafield>
      <datafield tag="796" ind1="1" ind2=" ">
         <subfield code="a">Sijpesteijn, P. J.,</subfield>
         <subfield code="e">former owner.</subfield>
      </datafield>
      <datafield tag="797" ind1="2" ind2=" ">
         <subfield code="a">Sijpesteijn Collection.</subfield>
      </datafield>
      <datafield tag="OWN" ind1=" " ind2=" ">
         <subfield code="a">GENERAL</subfield>
      </datafield>
      <datafield tag="950" ind1=" " ind2=" ">
         <subfield code="l">BMAIN</subfield>
         <subfield code="a">BT304.93</subfield>
         <subfield code="b">.S63 1977</subfield>
         <subfield code="i">10/24/89 C</subfield>
         <subfield code="h">01/01/01 N</subfield>
      </datafield>
      <datafield tag="950" ind1=" " ind2=" ">
         <subfield code="l">NEWM</subfield>
         <subfield code="a">BT304.93</subfield>
         <subfield code="b">.S63 1977</subfield>
         <subfield code="i">10/24/89 N</subfield>
         <subfield code="h">01/01/01 N</subfield>
      </datafield>
      <datafield tag="955" ind1=" " ind2=" ">
         <subfield code="l">BMAIN</subfield>
         <subfield code="c">1</subfield>
         <subfield code="r">003093286</subfield>
         <subfield code="i">10/24/89 C</subfield>
      </datafield>
      <datafield tag="955" ind1=" " ind2=" ">
         <subfield code="l">BMAIN</subfield>
         <subfield code="c">2</subfield>
         <subfield code="q">3273846-B-1</subfield>
         <subfield code="r">014766672</subfield>
         <subfield code="i">10/24/89 C</subfield>
      </datafield>
      <datafield tag="955" ind1=" " ind2=" ">
         <subfield code="l">NEWM</subfield>
         <subfield code="c">1</subfield>
         <subfield code="r">000164602</subfield>
         <subfield code="i">10/24/89 C</subfield>
      </datafield>
      <datafield tag="998" ind1=" " ind2=" ">
         <subfield code="a">10/24/89</subfield>
         <subfield code="t">b</subfield>
         <subfield code="s">9665</subfield>
         <subfield code="n">NNU</subfield>
         <subfield code="w">NYPG784466205B</subfield>
         <subfield code="d">05/28/83</subfield>
         <subfield code="b">JA</subfield>
         <subfield code="i">891024</subfield>
         <subfield code="l">NYUG</subfield>
      </datafield>
      <datafield tag="AVA" ind1=" " ind2=" ">
         <subfield code="a">NYU50</subfield>
         <subfield code="b">BOBST</subfield>
         <subfield code="c">Main Collection</subfield>
         <subfield code="d">BT304.93 .S63 1977</subfield>
         <subfield code="e">available</subfield>
         <subfield code="t">Available</subfield>
         <subfield code="f">1</subfield>
         <subfield code="g">0</subfield>
         <subfield code="h">N</subfield>
         <subfield code="i">6</subfield>
         <subfield code="j">MAIN</subfield>
         <subfield code="k">0</subfield>
      </datafield>
      <datafield tag="AVA" ind1=" " ind2=" ">
         <subfield code="a">NYU50</subfield>
         <subfield code="b">NISAW</subfield>
         <subfield code="c">Small Collection</subfield>
         <subfield code="d">BT304.93 .S63 1977</subfield>
         <subfield code="e">available</subfield>
         <subfield code="t">Available</subfield>
         <subfield code="f">1</subfield>
         <subfield code="g">0</subfield>
         <subfield code="h">N</subfield>
         <subfield code="i">0</subfield>
         <subfield code="j">SMALL</subfield>
         <subfield code="k">0</subfield>
      </datafield>
      <marc:datafield tag="852" ind1=" " ind2=" ">
         <marc:subfield code="b">Institute for the Study of the Ancient World, </marc:subfield>
         <marc:subfield code="c">Small Collection</marc:subfield>
         <marc:subfield code="e">15 East 84th St., </marc:subfield>
         <marc:subfield code="e">New York, NY  10028</marc:subfield>
      </marc:datafield>
      <datafield tag="AVA" ind1=" " ind2=" ">
         <subfield code="a">NYU50</subfield>
         <subfield code="b">TNSFO</subfield>
         <subfield code="c">Main Collection</subfield>
         <subfield code="d">BT304.93 .S63 1977</subfield>
         <subfield code="e">unavailable</subfield>
         <subfield code="t">Unavailable</subfield>
         <subfield code="f">1</subfield>
         <subfield code="g">1</subfield>
         <subfield code="h">N</subfield>
         <subfield code="i">0</subfield>
         <subfield code="j">MAIN</subfield>
         <subfield code="k">0</subfield>
      </datafield>
   </record>