
  
  
  
  
  
  
 
  
  <record xsi:schemaLocation="http://www.loc.gov/MARC21/slim http://www.loc.gov/standards/marcxml/schema/MARC21slim.xsd">
      <leader>00000cam  2200577   4500</leader>
      <controlfield tag="FMT">BK</controlfield>
      <controlfield tag="LDR">00000cam  2200577   4500</controlfield>
      <controlfield tag="001">001858491</controlfield>
      <controlfield tag="003">OCoLC</controlfield>
      <controlfield tag="005">20150313093220.0</controlfield>
      <controlfield tag="008">750410s1962    enk      b    001 0 eng d</controlfield>
      <datafield tag="015" ind1=" " ind2=" ">
         <subfield code="a">GB62-5932</subfield>
      </datafield>
      <datafield tag="015" ind1=" " ind2=" ">
         <subfield code="a">B6205932</subfield>
      </datafield>
      <datafield tag="016" ind1="7" ind2=" ">
         <subfield code="a">001727695</subfield>
         <subfield code="2">Uk</subfield>
      </datafield>
      <datafield tag="035" ind1=" " ind2=" ">
         <subfield code="a">(OCoLC)1266412</subfield>
         <subfield code="z">(OCoLC)221098495</subfield>
         <subfield code="z">(OCoLC)230081202</subfield>
         <subfield code="z">(OCoLC)314820994</subfield>
         <subfield code="z">(OCoLC)610496994</subfield>
      </datafield>
      <datafield tag="040" ind1=" " ind2=" ">
         <subfield code="a">IYU</subfield>
         <subfield code="b">eng</subfield>
         <subfield code="c">IYU</subfield>
         <subfield code="d">OCL</subfield>
         <subfield code="d">UKM</subfield>
         <subfield code="d">OCLCQ</subfield>
         <subfield code="d">OCLCG</subfield>
         <subfield code="d">HEBIS</subfield>
         <subfield code="d">AUD</subfield>
         <subfield code="d">IL4I4</subfield>
         <subfield code="d">UKMGB</subfield>
         <subfield code="d">OCLCQ</subfield>
         <subfield code="d">OCLCF</subfield>
         <subfield code="d">OCLCQ</subfield>
         <subfield code="d">CHVBK</subfield>
         <subfield code="d">OCLCO</subfield>
         <subfield code="d">NNU</subfield>
      </datafield>
      <datafield tag="043" ind1=" " ind2=" ">
         <subfield code="a">a-iq---</subfield>
      </datafield>
      <datafield tag="050" ind1=" " ind2="4">
         <subfield code="a">BL1620</subfield>
         <subfield code="b">.H63 1962</subfield>
      </datafield>
      <datafield tag="082" ind1="0" ind2="4">
         <subfield code="a">299.21</subfield>
         <subfield code="2">18</subfield>
      </datafield>
      <datafield tag="100" ind1="1" ind2=" ">
         <subfield code="a">Hooke, S. H.</subfield>
         <subfield code="q">(Samuel Henry),</subfield>
         <subfield code="d">1874-1968.</subfield>
      </datafield>
      <datafield tag="245" ind1="1" ind2="0">
         <subfield code="a">Babylonian and Assyrian religion /</subfield>
         <subfield code="c">by S.H. Hooke.</subfield>
      </datafield>
      <datafield tag="260" ind1=" " ind2=" ">
         <subfield code="a">Oxford :</subfield>
         <subfield code="b">Basil Blackwell,</subfield>
         <subfield code="c">1962.</subfield>
      </datafield>
      <datafield tag="300" ind1=" " ind2=" ">
         <subfield code="a">xii, 128 pages ;</subfield>
         <subfield code="c">21 cm</subfield>
      </datafield>
      <datafield tag="336" ind1=" " ind2=" ">
         <subfield code="a">text</subfield>
         <subfield code="b">txt</subfield>
         <subfield code="2">rdacontent</subfield>
      </datafield>
      <datafield tag="337" ind1=" " ind2=" ">
         <subfield code="a">unmediated</subfield>
         <subfield code="b">n</subfield>
         <subfield code="2">rdamedia</subfield>
      </datafield>
      <datafield tag="338" ind1=" " ind2=" ">
         <subfield code="a">volume</subfield>
         <subfield code="b">nc</subfield>
         <subfield code="2">rdacarrier</subfield>
      </datafield>
      <datafield tag="500" ind1=" " ind2=" ">
         <subfield code="a">ISAW copy is from the Library of Hayim and Miriam Tadmor.</subfield>
         <subfield code="5">NNU</subfield>
      </datafield>
      <datafield tag="500" ind1=" " ind2=" ">
         <subfield code="a">"First published 1953. Reprinted 1962."</subfield>
      </datafield>
      <datafield tag="504" ind1=" " ind2=" ">
         <subfield code="a">Includes bibliographical references (pages 124-125) and index.</subfield>
      </datafield>
      <datafield tag="650" ind1=" " ind2="0">
         <subfield code="a">Assyro-Babylonian religion.</subfield>
      </datafield>
      <datafield tag="650" ind1=" " ind2="7">
         <subfield code="a">Assyro-Babylonian religion.</subfield>
         <subfield code="2">fast</subfield>
         <subfield code="0">(OCoLC)fst00819255</subfield>
      </datafield>
      <datafield tag="796" ind1="1" ind2=" ">
         <subfield code="a">Tadmor, Hayim,</subfield>
         <subfield code="e">former owner.</subfield>
      </datafield>
      <datafield tag="796" ind1="1" ind2=" ">
         <subfield code="a">Tadmor, Miriam,</subfield>
         <subfield code="e">former owner.</subfield>
      </datafield>
      <datafield tag="797" ind1="2" ind2=" ">
         <subfield code="a">Tadmor Collection.</subfield>
      </datafield>
      <datafield tag="776" ind1="0" ind2="8">
         <subfield code="i">Online version:</subfield>
         <subfield code="a">Hooke, S.H. (Samuel Henry), 1874-1968.</subfield>
         <subfield code="t">Babylonian and Assyrian religion.</subfield>
         <subfield code="d">Oxford, Blackwell, 1962</subfield>
         <subfield code="w">(OCoLC)609249187</subfield>
      </datafield>
      <datafield tag="OWN" ind1=" " ind2=" ">
         <subfield code="a">GENERAL</subfield>
      </datafield>
      <datafield tag="903" ind1=" " ind2=" ">
         <subfield code="a">OLD</subfield>
      </datafield>
      <datafield tag="950" ind1=" " ind2=" ">
         <subfield code="l">IFAM</subfield>
         <subfield code="a">BL1620</subfield>
         <subfield code="b">.H63</subfield>
         <subfield code="f">MANUAL</subfield>
         <subfield code="i">07/10/90 N</subfield>
         <subfield code="h">06/08/90 N |455:rsl</subfield>
      </datafield>
      <datafield tag="955" ind1=" " ind2=" ">
         <subfield code="l">IFAM</subfield>
         <subfield code="c">1</subfield>
         <subfield code="h">06/08/90 C</subfield>
      </datafield>
      <datafield tag="998" ind1=" " ind2=" ">
         <subfield code="a">07/10/90</subfield>
         <subfield code="t">c</subfield>
         <subfield code="s">9125</subfield>
         <subfield code="n">NNU</subfield>
         <subfield code="w">NYUG90B24320</subfield>
         <subfield code="d">06/08/90</subfield>
         <subfield code="b">JA</subfield>
         <subfield code="i">900710</subfield>
         <subfield code="h">900608</subfield>
         <subfield code="l">NYUG</subfield>
      </datafield>
      <datafield tag="AVA" ind1=" " ind2=" ">
         <subfield code="a">NYU50</subfield>
         <subfield code="b">NIFA</subfield>
         <subfield code="c">Main Collection</subfield>
         <subfield code="d">BL1620 .H63 Non-circulating</subfield>
         <subfield code="e">unavailable</subfield>
         <subfield code="t">Unavailable</subfield>
         <subfield code="f">1</subfield>
         <subfield code="g">1</subfield>
         <subfield code="h">N</subfield>
         <subfield code="i">0</subfield>
         <subfield code="j">MAIN</subfield>
         <subfield code="k">0</subfield>
      </datafield>
      <datafield tag="AVA" ind1=" " ind2=" ">
         <subfield code="a">NYU50</subfield>
         <subfield code="b">NISAW</subfield>
         <subfield code="c">Small Collection</subfield>
         <subfield code="d">BL1620 .H63 1962</subfield>
         <subfield code="e">available</subfield>
         <subfield code="t">Available</subfield>
         <subfield code="f">1</subfield>
         <subfield code="g">0</subfield>
         <subfield code="h">N</subfield>
         <subfield code="i">0</subfield>
         <subfield code="j">SMALL</subfield>
         <subfield code="k">0</subfield>
      </datafield>
      <marc:datafield tag="852" ind1=" " ind2=" ">
         <marc:subfield code="b">Institute for the Study of the Ancient World, </marc:subfield>
         <marc:subfield code="c">Small Collection</marc:subfield>
         <marc:subfield code="e">15 East 84th St., </marc:subfield>
         <marc:subfield code="e">New York, NY  10028</marc:subfield>
      </marc:datafield>
   </record>