
  
  
  
  
  
  
 
  
  <record xsi:schemaLocation="http://www.loc.gov/MARC21/slim http://www.loc.gov/standards/marcxml/schema/MARC21slim.xsd">
      <leader>00000cam  2200481 i 4500</leader>
      <controlfield tag="FMT">BK</controlfield>
      <controlfield tag="LDR">00000cam  2200481 i 4500</controlfield>
      <controlfield tag="001">004117721</controlfield>
      <controlfield tag="003">OCoLC</controlfield>
      <controlfield tag="005">20150313110821.0</controlfield>
      <controlfield tag="008">150313s2014    it ab    b    100 0 eng d</controlfield>
      <datafield tag="020" ind1=" " ind2=" ">
         <subfield code="a">9788895672113</subfield>
      </datafield>
      <datafield tag="020" ind1=" " ind2=" ">
         <subfield code="a">8895672119</subfield>
      </datafield>
      <datafield tag="035" ind1=" " ind2=" ">
         <subfield code="a">(OCoLC)890690504</subfield>
      </datafield>
      <datafield tag="040" ind1=" " ind2=" ">
         <subfield code="a">C3L</subfield>
         <subfield code="b">eng</subfield>
         <subfield code="e">rda</subfield>
         <subfield code="c">C3L</subfield>
         <subfield code="d">YUS</subfield>
         <subfield code="d">OCLCO</subfield>
         <subfield code="d">IXA</subfield>
         <subfield code="d">OCLCF</subfield>
         <subfield code="d">NNU</subfield>
      </datafield>
      <datafield tag="041" ind1="0" ind2=" ">
         <subfield code="a">eng</subfield>
         <subfield code="a">ita</subfield>
         <subfield code="a">fre</subfield>
      </datafield>
      <datafield tag="043" ind1=" " ind2=" ">
         <subfield code="a">aw-----</subfield>
      </datafield>
      <datafield tag="050" ind1=" " ind2="4">
         <subfield code="a">GT2853.M628</subfield>
         <subfield code="b">I58 2006</subfield>
      </datafield>
      <datafield tag="082" ind1="1" ind2="4">
         <subfield code="a">394</subfield>
         <subfield code="2">14</subfield>
      </datafield>
      <datafield tag="111" ind1="2" ind2=" ">
         <subfield code="a">International Meeting Methods and perspectives applied to the study of food practices in the Ancient Near East</subfield>
         <subfield code="d">(2006 :</subfield>
         <subfield code="c">Venice, Italy)</subfield>
      </datafield>
      <datafield tag="245" ind1="1" ind2="0">
         <subfield code="a">Paleonutrition and food practices in the Ancient Near East :</subfield>
         <subfield code="b">towards a multidisciplinary approach /</subfield>
         <subfield code="c">edited by Lucio Milano ; in cooperation with Francesca Bertoldi.</subfield>
      </datafield>
      <datafield tag="260" ind1=" " ind2=" ">
         <subfield code="a">Padova :</subfield>
         <subfield code="b">S.A.R.G.O.N. Editrice e Libreria,</subfield>
         <subfield code="c">2014.</subfield>
      </datafield>
      <datafield tag="300" ind1=" " ind2=" ">
         <subfield code="a">437 pages :</subfield>
         <subfield code="b">illustrations, maps ;</subfield>
         <subfield code="c">30 cm.</subfield>
      </datafield>
      <datafield tag="336" ind1=" " ind2=" ">
         <subfield code="a">text</subfield>
         <subfield code="b">txt</subfield>
         <subfield code="2">rdacontent</subfield>
      </datafield>
      <datafield tag="337" ind1=" " ind2=" ">
         <subfield code="a">unmediated</subfield>
         <subfield code="b">n</subfield>
         <subfield code="2">rdamedia</subfield>
      </datafield>
      <datafield tag="338" ind1=" " ind2=" ">
         <subfield code="a">volume</subfield>
         <subfield code="b">nc</subfield>
         <subfield code="2">rdacarrier</subfield>
      </datafield>
      <datafield tag="490" ind1="1" ind2=" ">
         <subfield code="a">History of Ancient Near East. Monographs ;</subfield>
         <subfield code="v">14</subfield>
      </datafield>
      <datafield tag="500" ind1=" " ind2=" ">
         <subfield code="a">Proceedings of the conference held in Venice, Italy, June 15-17, 2006.</subfield>
      </datafield>
      <datafield tag="504" ind1=" " ind2=" ">
         <subfield code="a">Includes bibliographical references.</subfield>
      </datafield>
      <datafield tag="505" ind1="0" ind2="0">
         <subfield code="t">Approaching Food from a Bio-archaeological Perspective.</subfield>
         <subfield code="t">Food in the Early Neolithic of the Near East /</subfield>
         <subfield code="r">Willcox, George --</subfield>
         <subfield code="t">Craftsmen for Food Production : The Human Bone Evidence for Methods of Food Processing at Abu Hureyra /</subfield>
         <subfield code="r">Molleson, Theya --</subfield>
         <subfield code="t">Role of Deficiency Diseases in Infancy and Childhood of Bronze Age Populations /</subfield>
         <subfield code="r">Schultz, Michael --</subfield>
         <subfield code="r">Schmidt-Schultz, Thiede H. --</subfield>
         <subfield code="t">Diet and Subsistence during the Middle Bronze Age at Sidon, Lebanon : First Isotopic Evidence of Coastal Levantine Food Ways /</subfield>
         <subfield code="r">Schutkowski, Holger --</subfield>
         <subfield code="r">Richards, Michael P. --</subfield>
         <subfield code="t">Frequency of Dental Caries as A Proxy Indicator of Mobility : The Case of the Khabur Basin Human Populations /</subfield>
         <subfield code="r">Sołtyskiak, Arkadiusz --</subfield>
         <subfield code="g">Case Studies.</subfield>
         <subfield code="t">Mersin-Yumuktepe.</subfield>
         <subfield code="t">Food as Material Culture at Prehistoric Mersin /</subfield>
         <subfield code="r">Caneva, Isabella --</subfield>
         <subfield code="t">Archaeobotanical Analysis at Mersin-Yumuktepe : Food Habits from Neolithic to Medieval Period /</subfield>
         <subfield code="r">Fiorentino, Girolamo --</subfield>
         <subfield code="r">Primavera, Milena --</subfield>
         <subfield code="r">Caracuta, Valentina --</subfield>
         <subfield code="t">Role of Animals in the Economy of South-Eastern Anatolia : Food and Commensalism at Mersin-Yumuktepe (Turkey) /</subfield>
         <subfield code="r">Minniti, Claudia --</subfield>
         <subfield code="t">Subsistence Economy in Southern Anatolia and in the Upper Euphrates Region /</subfield>
         <subfield code="r">Siracusano, Gianni.</subfield>
         <subfield code="t">Tell Beydar/Nabada.</subfield>
         <subfield code="t">Tannurs, Tannur Concentrations and Centralised Bread Production at Tell Beydar and Elsewhere : An Overview /</subfield>
         <subfield code="r">Rova, Elena --</subfield>
         <subfield code="t">Plastered Basins for Food Processing? Some Examples from Upper Mesopotamia for A Basic Typology and Functional Interpretation /</subfield>
         <subfield code="r">Marigliano, Luca --</subfield>
         <subfield code="t">Consumption Refuse, Carcasses and Ritual Deposits at Tell Beydar (Northeastern Syria) /</subfield>
         <subfield code="r">De Cupere, Bea --</subfield>
         <subfield code="t">Paleonutritional Evidence from Tell Beydar : The Human Sample and the Historical Sources /</subfield>
         <subfield code="r">Bertoldi, Francesca --</subfield>
         <subfield code="r">Carnieri, Emiliano --</subfield>
         <subfield code="r">Bartoli, Fulvio --</subfield>
         <subfield code="r">Milano, Luci.</subfield>
      </datafield>
      <datafield tag="505" ind1="8" ind2="0">
         <subfield code="t">Tell Mishrife/Qatna.</subfield>
         <subfield code="t">Early Bronze Age Crops and Storage Techniques at Mishrifeh, Central-Western Syria /</subfield>
         <subfield code="r">Morandi Bonacossi, Daniele --</subfield>
         <subfield code="t">Teeth, Bones and Diet in Human Remains from Qatna /</subfield>
         <subfield code="r">Canci, Alessandro --</subfield>
         <subfield code="r">Bartoli, Fulvio.</subfield>
         <subfield code="t">Food for Travelling: Investigating Travel Provisions in the Ancient Near East.</subfield>
         <subfield code="t">Feeding the Travellers : On Early Dynastic Travel, Travel Networks and Travel Provisions in the Frame of Third Millennium Mesopotamia /</subfield>
         <subfield code="r">Selz, Gebhard --</subfield>
         <subfield code="t">Eating on the Road : Travel Provisions in the Ebla Archives /</subfield>
         <subfield code="r">Milano, Lucio --</subfield>
         <subfield code="t">Alimentazione dei “messaggeri” in periodo neo-sumerico /</subfield>
         <subfield code="r">Pomponio, Francesco --</subfield>
         <subfield code="t">Se restaurer en voyage en haute Mésopotamie et Anatolie au début du IIe millénaire av. J.-C. /</subfield>
         <subfield code="r">Michel, Cécile --</subfield>
         <subfield code="t">Food for the Humans and Food for the Gods : ṣidit ilānī and ṣidītu /</subfield>
         <subfield code="r">Corò, Paola.</subfield>
         <subfield code="t">Food Economy, Technology and Symbolism.</subfield>
         <subfield code="t">On the Role of Fruit and Vegetables as Food in the Ur III Period /</subfield>
         <subfield code="r">Brunke, Hagan --</subfield>
         <subfield code="t">Food and Death at the Ur Royal Cemetery /</subfield>
         <subfield code="r">Zonta, Bianca Maria --</subfield>
         <subfield code="t">Names Indicating Bread in the Ritual Texts from Emar /</subfield>
         <subfield code="r">Bellotto, Nicoletta --</subfield>
         <subfield code="t">Management of Food Resources in the Neo-Assyrian Empire : Data and Problems /</subfield>
         <subfield code="r">Ponchia, Simonetta --</subfield>
         <subfield code="t">Everyday Life and Food Practices in Assyrian Military Encampments /</subfield>
         <subfield code="r">Fales, Frederick Mario --</subfield>
         <subfield code="r">Rigo, Monica.</subfield>
      </datafield>
      <datafield tag="650" ind1=" " ind2="0">
         <subfield code="a">Food habits</subfield>
         <subfield code="z">Middle East</subfield>
         <subfield code="x">History</subfield>
         <subfield code="y">To 1500</subfield>
         <subfield code="v">Congresses.</subfield>
      </datafield>
      <datafield tag="651" ind1=" " ind2="0">
         <subfield code="a">Middle East</subfield>
         <subfield code="x">Antiquities</subfield>
         <subfield code="v">Congresses.</subfield>
      </datafield>
      <datafield tag="650" ind1=" " ind2="0">
         <subfield code="a">Prehistoric peoples</subfield>
         <subfield code="x">Food</subfield>
         <subfield code="z">Middle East</subfield>
         <subfield code="v">Congresses.</subfield>
      </datafield>
      <datafield tag="650" ind1=" " ind2="0">
         <subfield code="a">Excavations (Archaeology)</subfield>
         <subfield code="z">Middle East</subfield>
         <subfield code="v">Congresses.</subfield>
      </datafield>
      <datafield tag="650" ind1=" " ind2="7">
         <subfield code="a">Antiquities.</subfield>
         <subfield code="2">fast</subfield>
         <subfield code="0">(OCoLC)fst00810745</subfield>
      </datafield>
      <datafield tag="650" ind1=" " ind2="7">
         <subfield code="a">Excavations (Archaeology)</subfield>
         <subfield code="2">fast</subfield>
         <subfield code="0">(OCoLC)fst00917564</subfield>
      </datafield>
      <datafield tag="650" ind1=" " ind2="7">
         <subfield code="a">Food habits.</subfield>
         <subfield code="2">fast</subfield>
         <subfield code="0">(OCoLC)fst00930807</subfield>
      </datafield>
      <datafield tag="650" ind1=" " ind2="7">
         <subfield code="a">Prehistoric peoples</subfield>
         <subfield code="x">Food.</subfield>
         <subfield code="2">fast</subfield>
         <subfield code="0">(OCoLC)fst01075245</subfield>
      </datafield>
      <datafield tag="651" ind1=" " ind2="7">
         <subfield code="a">Middle East.</subfield>
         <subfield code="2">fast</subfield>
         <subfield code="0">(OCoLC)fst01241586</subfield>
      </datafield>
      <datafield tag="648" ind1=" " ind2="7">
         <subfield code="a">To 1500</subfield>
         <subfield code="2">fast</subfield>
      </datafield>
      <datafield tag="655" ind1=" " ind2="7">
         <subfield code="a">Conference proceedings.</subfield>
         <subfield code="2">fast</subfield>
         <subfield code="0">(OCoLC)fst01423772</subfield>
      </datafield>
      <datafield tag="655" ind1=" " ind2="7">
         <subfield code="a">History.</subfield>
         <subfield code="2">fast</subfield>
         <subfield code="0">(OCoLC)fst01411628</subfield>
      </datafield>
      <datafield tag="700" ind1="1" ind2=" ">
         <subfield code="a">Milano, Lucio</subfield>
         <subfield code="e">editor.</subfield>
      </datafield>
      <datafield tag="700" ind1="1" ind2=" ">
         <subfield code="a">Bertoldi, Francesca,</subfield>
         <subfield code="d">1970-</subfield>
         <subfield code="e">editor.</subfield>
      </datafield>
      <datafield tag="830" ind1=" " ind2="0">
         <subfield code="a">HANE.</subfield>
         <subfield code="p">M ;</subfield>
         <subfield code="v">v. 14.</subfield>
      </datafield>
      <datafield tag="994" ind1=" " ind2=" ">
         <subfield code="a">Z0</subfield>
         <subfield code="b">ZYU</subfield>
      </datafield>
      <datafield tag="OWN" ind1=" " ind2=" ">
         <subfield code="a">GENERAL</subfield>
      </datafield>
      <datafield tag="AVA" ind1=" " ind2=" ">
         <subfield code="a">NYU50</subfield>
         <subfield code="b">NISAW</subfield>
         <subfield code="c">Large Collection</subfield>
         <subfield code="d">GT2853.M628 I58 2006</subfield>
         <subfield code="e">available</subfield>
         <subfield code="t">Available</subfield>
         <subfield code="f">1</subfield>
         <subfield code="g">0</subfield>
         <subfield code="h">N</subfield>
         <subfield code="i">0</subfield>
         <subfield code="j">LARGE</subfield>
         <subfield code="k">0</subfield>
      </datafield>
      <marc:datafield tag="852" ind1=" " ind2=" ">
         <marc:subfield code="b">Institute for the Study of the Ancient World, </marc:subfield>
         <marc:subfield code="c">Large Collection</marc:subfield>
         <marc:subfield code="e">15 East 84th St., </marc:subfield>
         <marc:subfield code="e">New York, NY  10028</marc:subfield>
      </marc:datafield>
   </record>