
  
  
  
  
  
  
  
 
  
  <record xsi:schemaLocation="http://www.loc.gov/MARC21/slim http://www.loc.gov/standards/marcxml/schema/MARC21slim.xsd">
      <leader>00000cam  2200697 a 4500</leader>
      <controlfield tag="FMT">BK</controlfield>
      <controlfield tag="LDR">00000cam  2200697 a 4500</controlfield>
      <controlfield tag="001">004119578</controlfield>
      <controlfield tag="003">OCoLC</controlfield>
      <controlfield tag="005">20150316150954.0</controlfield>
      <controlfield tag="008">150316s2007    gw a     b    010 0 ger</controlfield>
      <datafield tag="010" ind1=" " ind2=" ">
         <subfield code="a">2007481839</subfield>
      </datafield>
      <datafield tag="015" ind1=" " ind2=" ">
         <subfield code="a">08,A05,0193</subfield>
         <subfield code="2">dnb</subfield>
      </datafield>
      <datafield tag="015" ind1=" " ind2=" ">
         <subfield code="a">07,N39,0162</subfield>
         <subfield code="2">dnb</subfield>
      </datafield>
      <datafield tag="016" ind1="7" ind2=" ">
         <subfield code="a">985518391</subfield>
         <subfield code="2">DE-101</subfield>
      </datafield>
      <datafield tag="020" ind1=" " ind2=" ">
         <subfield code="a">9783447056083</subfield>
      </datafield>
      <datafield tag="020" ind1=" " ind2=" ">
         <subfield code="a">3447056088</subfield>
      </datafield>
      <datafield tag="035" ind1=" " ind2=" ">
         <subfield code="a">(OCoLC)173602719</subfield>
         <subfield code="z">(OCoLC)882725120</subfield>
      </datafield>
      <datafield tag="040" ind1=" " ind2=" ">
         <subfield code="a">DLC</subfield>
         <subfield code="b">eng</subfield>
         <subfield code="c">DLC</subfield>
         <subfield code="d">OHX</subfield>
         <subfield code="d">NDD</subfield>
         <subfield code="d">HEBIS</subfield>
         <subfield code="d">OCLCQ</subfield>
         <subfield code="d">DEBSZ</subfield>
         <subfield code="d">OCLCF</subfield>
         <subfield code="d">OCLCO</subfield>
         <subfield code="d">YDXCP</subfield>
         <subfield code="d">NNU</subfield>
      </datafield>
      <datafield tag="041" ind1="0" ind2=" ">
         <subfield code="a">ger</subfield>
         <subfield code="a">eng</subfield>
         <subfield code="a">fre</subfield>
      </datafield>
      <datafield tag="043" ind1=" " ind2=" ">
         <subfield code="a">a------</subfield>
         <subfield code="a">aw-----</subfield>
      </datafield>
      <datafield tag="050" ind1="0" ind2="0">
         <subfield code="a">BR1070</subfield>
         <subfield code="b">.C49 2007</subfield>
      </datafield>
      <datafield tag="072" ind1=" " ind2="7">
         <subfield code="a">BX</subfield>
         <subfield code="2">lcco</subfield>
      </datafield>
      <datafield tag="082" ind1="0" ind2="4">
         <subfield code="a">281.5</subfield>
         <subfield code="2">22/ger</subfield>
      </datafield>
      <datafield tag="245" ind1="0" ind2="4">
         <subfield code="a">Der Christliche Orient und seine Umwelt :</subfield>
         <subfield code="b">gesammelte Studien zu Ehren Jürgen Tubachs anlässlich seines 60. Geburtstags /</subfield>
         <subfield code="c">herausgegeben von Sophia G. Vashalomidze und Lutz Greisiger.</subfield>
      </datafield>
      <datafield tag="260" ind1=" " ind2=" ">
         <subfield code="a">Wiesbaden :</subfield>
         <subfield code="b">Harrassowitz,</subfield>
         <subfield code="c">2007.</subfield>
      </datafield>
      <datafield tag="300" ind1=" " ind2=" ">
         <subfield code="a">viii, 488 p. :</subfield>
         <subfield code="b">ill. ;</subfield>
         <subfield code="c">25 cm.</subfield>
      </datafield>
      <datafield tag="336" ind1=" " ind2=" ">
         <subfield code="a">text</subfield>
         <subfield code="b">txt</subfield>
         <subfield code="2">rdacontent</subfield>
      </datafield>
      <datafield tag="337" ind1=" " ind2=" ">
         <subfield code="a">unmediated</subfield>
         <subfield code="b">n</subfield>
         <subfield code="2">rdamedia</subfield>
      </datafield>
      <datafield tag="338" ind1=" " ind2=" ">
         <subfield code="a">volume</subfield>
         <subfield code="b">nc</subfield>
         <subfield code="2">rdacarrier</subfield>
      </datafield>
      <datafield tag="490" ind1="1" ind2=" ">
         <subfield code="a">Studies in Oriental religions,</subfield>
         <subfield code="x">0340-6792 ;</subfield>
         <subfield code="v">v. 56</subfield>
      </datafield>
      <datafield tag="504" ind1=" " ind2=" ">
         <subfield code="a">Includes bibliographical references.</subfield>
      </datafield>
      <datafield tag="505" ind1="0" ind2="0">
         <subfield code="t"/>
         <subfield code="g">I.</subfield>
         <subfield code="t">Welt des Orients am Vorabend der Christianisierung.</subfield>
         <subfield code="t">Menschensohn als Gott der Welt: Der Ursprung der hohen Christologie bei Jesus selbst /</subfield>
         <subfield code="r">Beyer, Klaus --</subfield>
         <subfield code="t">Emperor’s New Clothes: A Note on Elagabalus’ Priestly Dress /</subfield>
         <subfield code="r">Dirven, Lucinda --</subfield>
         <subfield code="t">Further remarks on the ‘Heracles Figure’ at Hatra and Palmyra /</subfield>
         <subfield code="r">Kaizer, Ted.</subfield>
         <subfield code="g">II.</subfield>
         <subfield code="t">Religiöse und kulturelle Verwurzelung der orientalischen Christentümer in ihrer Umwelt.</subfield>
         <subfield code="t">De l’Ahiqar araméen à l’Ahiqar syriaque: les voies de transmission d’un roman /</subfield>
         <subfield code="r">Briquel-Chatonnet, Françoise --</subfield>
         <subfield code="t">Lied von Sarais Schönheit in 1Q20 = Genesis-Apokryphon XX, 2–8 und die Anfänge der aramäischen Poesie /</subfield>
         <subfield code="r">Nebe, G. Wilhelm --</subfield>
         <subfield code="t">“[…] die hellenischen Herzen, die unter euch sind” : Schenute und die “Hellenen“ in seinem Traktat Contra Origenistas /</subfield>
         <subfield code="r">Westerhoff, Matthias.</subfield>
         <subfield code="g">III.</subfield>
         <subfield code="t">Wechselseitige kulturelle und religiöse Einflüsse christlicher und nichtchristlicher Kulturen im Orient.</subfield>
         <subfield code="t">König Abgar bar Manu (ca. 177–212) und die Frage nach dem “christlichen“ Staat Edessa /</subfield>
         <subfield code="r">Baum, Wilhelm --</subfield>
         <subfield code="t">Vorbemerkungen über die westsyrische Legende von Bar Šabbay/Bar Šabbā /</subfield>
         <subfield code="r">Demaria, Serena --</subfield>
         <subfield code="t">Trois inscriptions édesséniennes du Louvre sur mosaïque /</subfield>
         <subfield code="r">Desreumaux, Alain --</subfield>
         <subfield code="t">Zur Rezeption des Alexander-Romans in der armenischen Literatur /</subfield>
         <subfield code="r">Drost-Abgarjan, Armenuhi --</subfield>
         <subfield code="t">König David am Kleinen Ob? Anmerkungen zu einer Silberschale in sogdischer Tradition /</subfield>
         <subfield code="r">Mode, Markus --</subfield>
         <subfield code="t">Christliche Könige im heidnischen Gewand: Betrachtungen zur partherzeitlichen Herrscherikonographie der Abgariden von Edessa /</subfield>
         <subfield code="r">Winkelmann, Sylvia.</subfield>
      </datafield>
      <datafield tag="505" ind1="8" ind2="0">
         <subfield code="g">IV.</subfield>
         <subfield code="t">Kulturelle Vielfalt und interkonfessionelle Austauschprozesse im Christlichen Orient.</subfield>
         <subfield code="t">Nubischer Erlöser-König: Kūš in syrischen Apokalypsen des 7. Jahrhunderts /</subfield>
         <subfield code="r">Greisiger, Lutz --</subfield>
         <subfield code="t">Kessel des Levi EvPhil NHCod II,3: p. 63,25–30 /</subfield>
         <subfield code="r">Nagel, Peter --</subfield>
         <subfield code="t">Sankt Georg – sanctus et militans: Ein Heiliger als Spiegel von Norm und Wirklichkeit des Christentums in Spätantike und Mittelalter /</subfield>
         <subfield code="r">Wetzig, Norman Wetzig.</subfield>
         <subfield code="g">V.</subfield>
         <subfield code="t">Christliche Orient als Kulturmittler.</subfield>
         <subfield code="t">Äthiopische Schrift im Spiegel der Religion /</subfield>
         <subfield code="r">Böll, Verena --</subfield>
         <subfield code="t">Georgien, kulturelle Schwelle zwischen Asien und Europa am Beispiel der Barlaam-Legende /</subfield>
         <subfield code="r">Vashalomidze, Sophia G.</subfield>
         <subfield code="g">VI.</subfield>
         <subfield code="t">Christliche Orient und die Anfänge des Islam.</subfield>
         <subfield code="t">Interfaith Dialogues: The Church of the East and the Abbassids /</subfield>
         <subfield code="r">Hunter, Erica C.D. --</subfield>
         <subfield code="t">Mönch mit der Öllampe: Zu einem Motiv in der vorislamischen Poesie /</subfield>
         <subfield code="r">Pietruschka, Ute --</subfield>
         <subfield code="t">Hagar: Ein arabisches Wortspiel im Neuen Testament und seine Folgen für den Islam /</subfield>
         <subfield code="r">Schmitz, Bertram.</subfield>
         <subfield code="g">VII.</subfield>
         <subfield code="t">Interreligiöse und interkulturelle Beziehungen und Auseinandersetzungen.</subfield>
         <subfield code="t">Renaissance der koptischen Gelehrsamkeit im 19. und 20. Jahrhundert /</subfield>
         <subfield code="r">Awad, Magdi --</subfield>
         <subfield code="t">Syriac List of Mongol Rulers /</subfield>
         <subfield code="r">Brock, Sebastian --</subfield>
         <subfield code="t">Badener im Hausa-Land: Literarische Adaption und Transformation bei dem Hausa-Schriftsteller Abubakar Imam am Beispiel Johann Peter Hebels /</subfield>
         <subfield code="r">Feuerstein, Marion --</subfield>
         <subfield code="t">Hindutva-Bewegung und ihre Auswirkungen auf das indische Christentum /</subfield>
         <subfield code="r">Klein, Wassilios --</subfield>
         <subfield code="t">“Räuberischen Kurden“: Exemplarische Einblicke zu inneren und äußeren Nöten der syrischen Bevölkerung in Iran im Gegenüber zu den sesshaft werdenden Kurden aus der Zeit um die Wende vom 19. zum 20. Jahrhundert /</subfield>
         <subfield code="r">Tamcke, Martin.</subfield>
      </datafield>
      <datafield tag="505" ind1="8" ind2="0">
         <subfield code="g"/>
         <subfield code="g">VIII. Orientalische Christentümer und die Beziehungen Europas zum Orient.</subfield>
         <subfield code="t">Auf den Spuren des Geheimnisses von Feirefiz und seiner Mutter Belakane /</subfield>
         <subfield code="r">Scholz, Piotr O. --</subfield>
         <subfield code="t">Arabische Text der Bulle Cantate Domino des Konzils von Florenz: Vorüberlegungen für eine erneute Edition /</subfield>
         <subfield code="r">Suermann, Harald --</subfield>
         <subfield code="t">Manuskript von Pietro della Valle verfasst in Goa im Jahr 1624 /</subfield>
         <subfield code="r">Venegoni, Laura.</subfield>
         <subfield code="g">IX.</subfield>
         <subfield code="t">Interdisziplinäre Ansätze.</subfield>
         <subfield code="t">Zu den Quellen der Spekulation: Eine bewusstseinsontologische Anregung /</subfield>
         <subfield code="r">Vierling, Hermann --</subfield>
         <subfield code="t">Versuch über Anderswelt und Anderszeit als Exegeseprinzip /</subfield>
         <subfield code="r">Zimmer, Manfred.</subfield>
         <subfield code="g">X.</subfield>
         <subfield code="t">Anhang.</subfield>
         <subfield code="t">Verzeichnis ausgewählter Schriften /</subfield>
         <subfield code="r">Tubach, Jürgen.</subfield>
      </datafield>
      <datafield tag="546" ind1=" " ind2=" ">
         <subfield code="a">Contributions in German, English, or French.</subfield>
      </datafield>
      <datafield tag="650" ind1=" " ind2="0">
         <subfield code="a">Christianity</subfield>
         <subfield code="z">Asia.</subfield>
      </datafield>
      <datafield tag="650" ind1=" " ind2="0">
         <subfield code="a">Christianity</subfield>
         <subfield code="z">Middle East.</subfield>
      </datafield>
      <datafield tag="650" ind1=" " ind2="7">
         <subfield code="a">Christianity.</subfield>
         <subfield code="2">fast</subfield>
         <subfield code="0">(OCoLC)fst00859599</subfield>
      </datafield>
      <datafield tag="651" ind1=" " ind2="7">
         <subfield code="a">Asia.</subfield>
         <subfield code="2">fast</subfield>
         <subfield code="0">(OCoLC)fst01240495</subfield>
      </datafield>
      <datafield tag="651" ind1=" " ind2="7">
         <subfield code="a">Middle East.</subfield>
         <subfield code="2">fast</subfield>
         <subfield code="0">(OCoLC)fst01241586</subfield>
      </datafield>
      <datafield tag="700" ind1="1" ind2=" ">
         <subfield code="a">Tubach, Jürgen</subfield>
         <subfield code="e">honoree.</subfield>
      </datafield>
      <datafield tag="700" ind1="1" ind2=" ">
         <subfield code="a">Vashalomidze, G. Sophia</subfield>
         <subfield code="e">editor.</subfield>
      </datafield>
      <datafield tag="700" ind1="1" ind2=" ">
         <subfield code="a">Greisiger, Lutz</subfield>
         <subfield code="e">editor.</subfield>
      </datafield>
      <datafield tag="830" ind1=" " ind2="0">
         <subfield code="a">Studies in Oriental religions ;</subfield>
         <subfield code="v">v. 56.</subfield>
         <subfield code="x">0340-6792</subfield>
      </datafield>
      <datafield tag="994" ind1=" " ind2=" ">
         <subfield code="a">Z0</subfield>
         <subfield code="b">ZYU</subfield>
      </datafield>
      <datafield tag="OWN" ind1=" " ind2=" ">
         <subfield code="a">GENERAL</subfield>
      </datafield>
      <datafield tag="AVA" ind1=" " ind2=" ">
         <subfield code="a">NYU50</subfield>
         <subfield code="b">NISAW</subfield>
         <subfield code="c">Small Collection</subfield>
         <subfield code="d">BR1070 .C49 2007</subfield>
         <subfield code="e">available</subfield>
         <subfield code="t">Available</subfield>
         <subfield code="f">1</subfield>
         <subfield code="g">0</subfield>
         <subfield code="h">N</subfield>
         <subfield code="i">0</subfield>
         <subfield code="j">SMALL</subfield>
         <subfield code="k">0</subfield>
      </datafield>
      <marc:datafield tag="852" ind1=" " ind2=" ">
         <marc:subfield code="b">Institute for the Study of the Ancient World, </marc:subfield>
         <marc:subfield code="c">Small Collection</marc:subfield>
         <marc:subfield code="e">15 East 84th St., </marc:subfield>
         <marc:subfield code="e">New York, NY  10028</marc:subfield>
      </marc:datafield>
      <datafield tag="AVA" ind1=" " ind2=" ">
         <subfield code="a">NYU50</subfield>
         <subfield code="b">WEB</subfield>
         <subfield code="c">Internet Resources</subfield>
         <subfield code="d">BR1070 .C49 2007 Electronic access</subfield>
         <subfield code="e">check_holdings</subfield>
         <subfield code="t">Check Holdings</subfield>
         <subfield code="j">GENI</subfield>
         <subfield code="k">0</subfield>
      </datafield>
   </record>