
  
  
  
  
  
 
  
  <record xsi:schemaLocation="http://www.loc.gov/MARC21/slim http://www.loc.gov/standards/marcxml/schema/MARC21slim.xsd">
      <leader>00000cam  2200769 i 4500</leader>
      <controlfield tag="FMT">BK</controlfield>
      <controlfield tag="LDR">00000cam  2200769 i 4500</controlfield>
      <controlfield tag="001">004117298</controlfield>
      <controlfield tag="003">OCoLC</controlfield>
      <controlfield tag="005">20150316135153.0</controlfield>
      <controlfield tag="008">141205s2015    ne aj    b    001 0 eng</controlfield>
      <datafield tag="010" ind1=" " ind2=" ">
         <subfield code="a">2014035102</subfield>
      </datafield>
      <datafield tag="015" ind1=" " ind2=" ">
         <subfield code="a">GBB4D1253</subfield>
         <subfield code="2">bnb</subfield>
      </datafield>
      <datafield tag="016" ind1="7" ind2=" ">
         <subfield code="a">016947678</subfield>
         <subfield code="2">Uk</subfield>
      </datafield>
      <datafield tag="020" ind1=" " ind2=" ">
         <subfield code="a">9789004252011 (hardback : acid-free paper)</subfield>
      </datafield>
      <datafield tag="020" ind1=" " ind2=" ">
         <subfield code="a">9004252010 (hardback : acid-free paper)</subfield>
      </datafield>
      <datafield tag="020" ind1=" " ind2=" ">
         <subfield code="z">9789004281714 (e-book)</subfield>
      </datafield>
      <datafield tag="020" ind1=" " ind2=" ">
         <subfield code="z">9004281711</subfield>
      </datafield>
      <datafield tag="024" ind1="8" ind2=" ">
         <subfield code="a">40024467025</subfield>
      </datafield>
      <datafield tag="035" ind1=" " ind2=" ">
         <subfield code="a">(OCoLC)889181189</subfield>
         <subfield code="z">(OCoLC)889167403</subfield>
         <subfield code="z">(OCoLC)898451443</subfield>
         <subfield code="z">(OCoLC)903921667</subfield>
      </datafield>
      <datafield tag="040" ind1=" " ind2=" ">
         <subfield code="a">DLC</subfield>
         <subfield code="b">eng</subfield>
         <subfield code="e">rda</subfield>
         <subfield code="c">DLC</subfield>
         <subfield code="d">YDX</subfield>
         <subfield code="d">BTCTA</subfield>
         <subfield code="d">OHX</subfield>
         <subfield code="d">YDXCP</subfield>
         <subfield code="d">UKIIJ</subfield>
         <subfield code="d">UKMGB</subfield>
         <subfield code="d">ERASA</subfield>
         <subfield code="d">LGG</subfield>
         <subfield code="d">YUS</subfield>
         <subfield code="d">CHVBK</subfield>
         <subfield code="d">ZCU</subfield>
         <subfield code="d">OCLCF</subfield>
         <subfield code="d">STF</subfield>
         <subfield code="d">CDX</subfield>
         <subfield code="d">NNU</subfield>
      </datafield>
      <datafield tag="042" ind1=" " ind2=" ">
         <subfield code="a">pcc</subfield>
      </datafield>
      <datafield tag="043" ind1=" " ind2=" ">
         <subfield code="a">f------</subfield>
         <subfield code="a">a------</subfield>
         <subfield code="a">aw-----</subfield>
      </datafield>
      <datafield tag="050" ind1="0" ind2="0">
         <subfield code="a">DS35.62</subfield>
         <subfield code="b">.I874 2015</subfield>
      </datafield>
      <datafield tag="072" ind1=" " ind2="7">
         <subfield code="a">DS</subfield>
         <subfield code="2">lcco</subfield>
      </datafield>
      <datafield tag="082" ind1="0" ind2="0">
         <subfield code="a">909/.09767</subfield>
         <subfield code="2">23</subfield>
      </datafield>
      <datafield tag="245" ind1="0" ind2="0">
         <subfield code="a">Islamic cultures, Islamic contexts :</subfield>
         <subfield code="b">essays in honor of Professor Patricia Crone /</subfield>
         <subfield code="c">edited by Behnam Sadeghi, Asad Q. Ahmed, Adam Silverstein, Robert Hoyland.</subfield>
      </datafield>
      <datafield tag="264" ind1=" " ind2="1">
         <subfield code="a">Leiden :</subfield>
         <subfield code="b">Brill,</subfield>
         <subfield code="c">[2015]</subfield>
      </datafield>
      <datafield tag="300" ind1=" " ind2=" ">
         <subfield code="a">xxxvii, 631 pages :</subfield>
         <subfield code="b">color illustrations, 1 genealogical table ;</subfield>
         <subfield code="c">28 cm.</subfield>
      </datafield>
      <datafield tag="336" ind1=" " ind2=" ">
         <subfield code="a">text</subfield>
         <subfield code="b">txt</subfield>
         <subfield code="2">rdacontent</subfield>
      </datafield>
      <datafield tag="337" ind1=" " ind2=" ">
         <subfield code="a">unmediated</subfield>
         <subfield code="b">n</subfield>
         <subfield code="2">rdamedia</subfield>
      </datafield>
      <datafield tag="338" ind1=" " ind2=" ">
         <subfield code="a">volume</subfield>
         <subfield code="b">nc</subfield>
         <subfield code="2">rdacarrier</subfield>
      </datafield>
      <datafield tag="490" ind1="1" ind2=" ">
         <subfield code="a">Islamic history and civilization : studies and texts,</subfield>
         <subfield code="x">0929-2403 ;</subfield>
         <subfield code="v">volume 114</subfield>
      </datafield>
      <datafield tag="520" ind1="2" ind2=" ">
         <subfield code="a">"This volume brings together articles on various aspects of the intellectual and social histories of Islamicate societies and of the traditions and contexts that contributed to their formation and evolution. Written by leading scholars who span three generations and who cover such diverse fields as Late Antique Studies, Islamic Studies, Classics, and Jewish Studies, the volume is a testament to the breadth and to the sustained, deep impact of the corpus of the honoree, Professor Patricia Crone. Contributors are: David Abulafia, Asad Q. Ahmed, Karen Bauer, Michael Cooperson, Hannah Cotton, David M. Eisenberg, Khaled El-Rouayheb, Matthew S. Gordon, Gerald Hawting, Judith Herrin, Robert Hoyland, Bella Tendler Krieger, Margaret Larkin, Maria Mavroudi, Christopher Melchert, Pavel Pavlovitch, David Powers, Chase Robinson, Behnam Sadeghi, Adam Silverstein, Devin Stewart, Guy Stroumsa, D.G. Tor, Kevin van Bladel, David J. Wasserstein, Chris Wickam, Joseph Witztum, F.W. Zimmermann"--Provided by publisher.</subfield>
      </datafield>
      <datafield tag="504" ind1=" " ind2=" ">
         <subfield code="a">Includes bibliographical references and index.</subfield>
      </datafield>
      <datafield tag="505" ind1="0" ind2="0">
         <subfield code="t"/>
         <subfield code="t">Patricia Crone : a brief memoir /</subfield>
         <subfield code="r">Herrin, Judith --</subfield>
         <subfield code="t">Tabula gratulatoria --</subfield>
         <subfield code="t">Curriculum vitae of Patricia Crone --</subfield>
         <subfield code="t">List of contributors --</subfield>
         <subfield code="t">Variant Traditions, Relative Chronology and the Study of Intra-Quranic parallels /</subfield>
         <subfield code="r">Witztum, Joseph --</subfield>
         <subfield code="t">Earliest Attestation of the Dhimma of God and His Messenger and the Rediscovery of P. Nessana 77 (AH 60s/AD 680) /</subfield>
         <subfield code="r">Hoyland, Robort --</subfield>
         <subfield code="g">Appendix.</subfield>
         <subfield code="t">On the rediscovery of P.Nessana 77 /</subfield>
         <subfield code="r">Cotton, Hannah --</subfield>
         <subfield code="t">Jewish Christianity and Islamic Origins /</subfield>
         <subfield code="r">Stroumsa, Guy --</subfield>
         <subfield code="t">Note on the Relationship Between Tafsīr and Documentary Evidence With Reference to Contracts of Marriage /</subfield>
         <subfield code="r">Bauer, Karen --</subfield>
         <subfield code="t">“Earnest Money” and the Sources of Islamic Law /</subfield>
         <subfield code="r">Hawting, Gerald --</subfield>
         <subfield code="r">Eisenberg, David --</subfield>
         <subfield code="t">“Bequest May Not Exceed One-Third” : An Isnād-cum-Matn Analysis and Beyond /</subfield>
         <subfield code="r">Pavlovitch, Pavel --</subfield>
         <subfield code="r">Powers, David S. --</subfield>
         <subfield code="t">Basra and Kufa as the Earliest Centers of Islamic Legal Controversy /</subfield>
         <subfield code="r">Melchert, Christopher --</subfield>
         <subfield code="t">God's Cleric : Al-Fuḍayl b. ʿIyāḍ and the Transition from Caliphal to Prophetic Sunna /</subfield>
         <subfield code="r">Tor, Deborah --</subfield>
         <subfield code="t">Aḥmad ibn Ṭūlūn and the Politics of Deference /</subfield>
         <subfield code="r">Gordon, Matthew --</subfield>
         <subfield code="t">Eighth-Century Indian Astronomy in the Two Cities of Peace /</subfield>
         <subfield code="r">Bladel, Kevin van --</subfield>
         <subfield code="t">Greek Language and Education Under Early Islam /</subfield>
         <subfield code="r">Mavroudi, Maria --</subfield>
         <subfield code="t">Kalām and the Greeks /</subfield>
         <subfield code="r">Zimmermann, Fritz --</subfield>
         <subfield code="t">“Arabs” and “Iranians” : The Uses of Ethnicity in the Early Abbasid Period /</subfield>
         <subfield code="r">Cooperson, Michael --</subfield>
         <subfield code="t">Poetics of Cultural Identity : Al-Mutanabbī among the Būyids /</subfield>
         <subfield code="r">Larkin, Margaret --</subfield>
         <subfield code="t">Must God Tell Us the Truth? A Problem in Ash‘arī Theology /</subfield>
         <subfield code="r">El Rouayheb, Khaled --</subfield>
         <subfield code="t">Administrators’ Time : The Social Memory of the Early Medieval State, East and West /</subfield>
         <subfield code="r">Wickham, Chris --</subfield>
         <subfield code="t">Eleventh-Century Justification of the Authority of Twelver Shiite Jurists /</subfield>
         <subfield code="r">Stewart, Devin J. --</subfield>
         <subfield code="t"/>
      </datafield>
      <datafield tag="505" ind1="8" ind2="0">
         <subfield code="t">Family Story : Ambiguities of Jewish Identity in Medieval Islam /</subfield>
         <subfield code="r">Wasserstein, David --</subfield>
         <subfield code="t">What happened in al-Andalus : Minorities in al-Andalus and in Christian Spain /</subfield>
         <subfield code="r">Abulafia, David --</subfield>
         <subfield code="t">Samaritan Version of the Esther Story /</subfield>
         <subfield code="r">Silverstein, Adam --</subfield>
         <subfield code="t">New Evidence for the Survival of Sexually Libertine Rites among some Nuṣayrī-ʿAlawīs of the Nineteenth Century /</subfield>
         <subfield code="r">Tendler, Bella --</subfield>
         <subfield code="t">Crone and the End of Orientalism /</subfield>
         <subfield code="r">Robinson, Chase.</subfield>
      </datafield>
      <datafield tag="651" ind1=" " ind2="0">
         <subfield code="a">Islamic countries</subfield>
         <subfield code="x">Civilization.</subfield>
      </datafield>
      <datafield tag="651" ind1=" " ind2="0">
         <subfield code="a">Islamic Empire</subfield>
         <subfield code="x">Civilization.</subfield>
      </datafield>
      <datafield tag="651" ind1=" " ind2="0">
         <subfield code="a">Islamic countries</subfield>
         <subfield code="x">Intellectual life.</subfield>
      </datafield>
      <datafield tag="651" ind1=" " ind2="0">
         <subfield code="a">Islamic Empire</subfield>
         <subfield code="x">Intellectual life.</subfield>
      </datafield>
      <datafield tag="651" ind1=" " ind2="0">
         <subfield code="a">Islamic countries</subfield>
         <subfield code="x">Social life and customs.</subfield>
      </datafield>
      <datafield tag="651" ind1=" " ind2="0">
         <subfield code="a">Islamic Empire</subfield>
         <subfield code="x">Social life and customs.</subfield>
      </datafield>
      <datafield tag="650" ind1=" " ind2="7">
         <subfield code="a">Civilization.</subfield>
         <subfield code="2">fast</subfield>
         <subfield code="0">(OCoLC)fst00862898</subfield>
      </datafield>
      <datafield tag="650" ind1=" " ind2="7">
         <subfield code="a">Intellectual life.</subfield>
         <subfield code="2">fast</subfield>
         <subfield code="0">(OCoLC)fst00975769</subfield>
      </datafield>
      <datafield tag="650" ind1=" " ind2="7">
         <subfield code="a">Manners and customs.</subfield>
         <subfield code="2">fast</subfield>
         <subfield code="0">(OCoLC)fst01007815</subfield>
      </datafield>
      <datafield tag="651" ind1=" " ind2="7">
         <subfield code="a">Islamic countries.</subfield>
         <subfield code="2">fast</subfield>
         <subfield code="0">(OCoLC)fst01244130</subfield>
      </datafield>
      <datafield tag="651" ind1=" " ind2="7">
         <subfield code="a">Islamic Empire.</subfield>
         <subfield code="2">fast</subfield>
         <subfield code="0">(OCoLC)fst01244134</subfield>
      </datafield>
      <datafield tag="700" ind1="1" ind2=" ">
         <subfield code="a">Crone, Patricia,</subfield>
         <subfield code="d">1945-</subfield>
         <subfield code="e">honoree.</subfield>
      </datafield>
      <datafield tag="700" ind1="1" ind2=" ">
         <subfield code="a">Sadeghi, Behnam,</subfield>
         <subfield code="d">1969-</subfield>
         <subfield code="e">editor.</subfield>
      </datafield>
      <datafield tag="700" ind1="1" ind2=" ">
         <subfield code="a">Ahmed, Asad Q.,</subfield>
         <subfield code="d">1977-</subfield>
         <subfield code="e">editor.</subfield>
      </datafield>
      <datafield tag="700" ind1="1" ind2=" ">
         <subfield code="a">Silverstein, Adam J.</subfield>
         <subfield code="e">editor.</subfield>
      </datafield>
      <datafield tag="700" ind1="1" ind2=" ">
         <subfield code="a">Hoyland, Robert G.,</subfield>
         <subfield code="d">1966-</subfield>
         <subfield code="e">editor.</subfield>
      </datafield>
      <datafield tag="830" ind1=" " ind2="0">
         <subfield code="a">Islamic history and civilization ;</subfield>
         <subfield code="v">v. 114.</subfield>
      </datafield>
      <datafield tag="OWN" ind1=" " ind2=" ">
         <subfield code="a">GENERAL</subfield>
      </datafield>
      <datafield tag="AVA" ind1=" " ind2=" ">
         <subfield code="a">NYU50</subfield>
         <subfield code="b">BOBST</subfield>
         <subfield code="c">Main Collection</subfield>
         <subfield code="d">DS35.62 .I874 2015</subfield>
         <subfield code="e">available</subfield>
         <subfield code="t">Available</subfield>
         <subfield code="f">1</subfield>
         <subfield code="g">0</subfield>
         <subfield code="h">N</subfield>
         <subfield code="i">1</subfield>
         <subfield code="j">MAIN</subfield>
         <subfield code="k">0</subfield>
      </datafield>
      <datafield tag="AVA" ind1=" " ind2=" ">
         <subfield code="a">NYU50</subfield>
         <subfield code="b">NISAW</subfield>
         <subfield code="c">Small Collection</subfield>
         <subfield code="d">DS35.62 .I874 2015</subfield>
         <subfield code="e">available</subfield>
         <subfield code="t">Available</subfield>
         <subfield code="f">1</subfield>
         <subfield code="g">0</subfield>
         <subfield code="h">N</subfield>
         <subfield code="i">0</subfield>
         <subfield code="j">SMALL</subfield>
         <subfield code="k">0</subfield>
      </datafield>
      <marc:datafield tag="852" ind1=" " ind2=" ">
         <marc:subfield code="b">Institute for the Study of the Ancient World, </marc:subfield>
         <marc:subfield code="c">Small Collection</marc:subfield>
         <marc:subfield code="e">15 East 84th St., </marc:subfield>
         <marc:subfield code="e">New York, NY  10028</marc:subfield>
      </marc:datafield>
      <datafield tag="AVA" ind1=" " ind2=" ">
         <subfield code="a">NYU51</subfield>
         <subfield code="b">NABUD</subfield>
         <subfield code="c">Main Collection</subfield>
         <subfield code="d">DS35.62 .I874 2015</subfield>
         <subfield code="e">available</subfield>
         <subfield code="t">Available</subfield>
         <subfield code="f">1</subfield>
         <subfield code="g">0</subfield>
         <subfield code="h">N</subfield>
         <subfield code="i">0</subfield>
         <subfield code="j">MAIN</subfield>
         <subfield code="k">0</subfield>
      </datafield>
   </record>