
  
  
  
  
  
  
 
  
  <record xsi:schemaLocation="http://www.loc.gov/MARC21/slim http://www.loc.gov/standards/marcxml/schema/MARC21slim.xsd">
      <leader>00000cam  2200205 i 4500</leader>
      <controlfield tag="FMT">BK</controlfield>
      <controlfield tag="LDR">00000cam  2200205 i 4500</controlfield>
      <controlfield tag="001">004118581</controlfield>
      <controlfield tag="003">OCoLC</controlfield>
      <controlfield tag="005">20150316113757.0</controlfield>
      <controlfield tag="008">150316t20142014fr af    b    101 0 fre d</controlfield>
      <datafield tag="020" ind1=" " ind2=" ">
         <subfield code="a">2701803721</subfield>
      </datafield>
      <datafield tag="020" ind1=" " ind2=" ">
         <subfield code="a">9782701803722</subfield>
      </datafield>
      <datafield tag="035" ind1=" " ind2=" ">
         <subfield code="a">(OCoLC)903195056</subfield>
      </datafield>
      <datafield tag="040" ind1=" " ind2=" ">
         <subfield code="a">YDXCP</subfield>
         <subfield code="b">eng</subfield>
         <subfield code="e">rda</subfield>
         <subfield code="c">YDXCP</subfield>
         <subfield code="d">OCLCQ</subfield>
         <subfield code="d">NNU</subfield>
      </datafield>
      <datafield tag="041" ind1="1" ind2=" ">
         <subfield code="a">fre</subfield>
         <subfield code="a">eng</subfield>
         <subfield code="a">ger</subfield>
         <subfield code="a">cop</subfield>
         <subfield code="h">cop</subfield>
      </datafield>
      <datafield tag="043" ind1=" " ind2=" ">
         <subfield code="a">f-ua---</subfield>
      </datafield>
      <datafield tag="050" ind1=" " ind2="4">
         <subfield code="a">PJ2196.B535</subfield>
         <subfield code="b">C67 2014</subfield>
      </datafield>
      <datafield tag="245" ind1="0" ind2="0">
         <subfield code="a">Coptica argentoratensia :</subfield>
         <subfield code="b">textes et documents de la troisieme université d'été de papyrologie copte (Strasbourg, 18-25 juillet 2010) (P.Stras.Copt.) /</subfield>
         <subfield code="c">réunis par Anne Boud'hors, Alain Delattre, Catherine Louis, Tonio Sebastian Richter.</subfield>
      </datafield>
      <datafield tag="246" ind1="0" ind2="0">
         <subfield code="a">P.Stras.Copt.</subfield>
      </datafield>
      <datafield tag="264" ind1=" " ind2="1">
         <subfield code="a">Paris :</subfield>
         <subfield code="b">Editions de Boccard,</subfield>
         <subfield code="c">2014.</subfield>
      </datafield>
      <datafield tag="264" ind1=" " ind2="4">
         <subfield code="c">©2014</subfield>
      </datafield>
      <datafield tag="300" ind1=" " ind2=" ">
         <subfield code="a">489 pages, 72 pages of plates :</subfield>
         <subfield code="b">black and white illustrations ;</subfield>
         <subfield code="c">24 cm.</subfield>
      </datafield>
      <datafield tag="336" ind1=" " ind2=" ">
         <subfield code="a">text</subfield>
         <subfield code="b">txt</subfield>
         <subfield code="2">rdacontent</subfield>
      </datafield>
      <datafield tag="336" ind1=" " ind2=" ">
         <subfield code="a">still image</subfield>
         <subfield code="b">sti</subfield>
         <subfield code="2">rdacontent</subfield>
      </datafield>
      <datafield tag="337" ind1=" " ind2=" ">
         <subfield code="a">unmediated</subfield>
         <subfield code="b">n</subfield>
         <subfield code="2">rdamedia</subfield>
      </datafield>
      <datafield tag="338" ind1=" " ind2=" ">
         <subfield code="a">volume</subfield>
         <subfield code="b">nc</subfield>
         <subfield code="2">rdacarrier</subfield>
      </datafield>
      <datafield tag="490" ind1="1" ind2=" ">
         <subfield code="a">Collections de l'Université de Strasbourg. Etudes d'archéologie et d'histoire ancienne.</subfield>
      </datafield>
      <datafield tag="490" ind1="1" ind2=" ">
         <subfield code="a">Cahiers de la bibliothèque copte ;</subfield>
         <subfield code="v">19</subfield>
      </datafield>
      <datafield tag="504" ind1=" " ind2=" ">
         <subfield code="a">Includes bibliographical references and indexes.</subfield>
      </datafield>
      <datafield tag="505" ind1="0" ind2="0">
         <subfield code="t">Bibliothèque nationale et universitaire de Strasbourg, lieu d'accueil de la troisième université d'été en papyrologie copte /</subfield>
         <subfield code="r">Poirot, Albert --</subfield>
         <subfield code="t">Maîtres, les étudiants et le conservateur /</subfield>
         <subfield code="r">Bornemann, Daniel --</subfield>
         <subfield code="t">Avertissement des éditeurs.</subfield>
         <subfield code="g">I.</subfield>
         <subfield code="t">Essais.</subfield>
         <subfield code="t">Erwerbung ägyptischer und griechischer Papyri und Schriftdenkmäler (1898-1899) : le point de vue des fondateurs de la collection strasbourgeoise /</subfield>
         <subfield code="r">Colin, Frédéric --</subfield>
         <subfield code="t">Pour un catalogue raisonné du fonds copte de la BNU /</subfield>
         <subfield code="r">Boud’hors, Anne --</subfield>
         <subfield code="t">Linguistic Symptoms of Shenoute's Authorship /</subfield>
         <subfield code="r">Shisha-Halevy, Ariel.</subfield>
         <subfield code="g">II.</subfield>
         <subfield code="t">Textes littéraires et liturgiques.</subfield>
         <subfield code="g">1.</subfield>
         <subfield code="t">Deuteronomy 7,12-19 and 11,29-12,27 in Bohairic --</subfield>
         <subfield code="g">2.</subfield>
         <subfield code="t">Nouveau fragment copte sahidique de l’évangile selon Saint Matthieu --</subfield>
         <subfield code="g">3.</subfield>
         <subfield code="t">New witness to the Sahidic Passio Cypriani et Justinae --</subfield>
         <subfield code="g">4.</subfield>
         <subfield code="t">New typikon fragment from Strasbourg.</subfield>
         <subfield code="g">III.</subfield>
         <subfield code="t">Textes magiques.</subfield>
         <subfield code="t">Magical Texts in the Papyrus Collection of the Université de Strasbourg /</subfield>
         <subfield code="r">Richter, Tonio Sebastian --</subfield>
         <subfield code="g">5.</subfield>
         <subfield code="t">Ancient Christian amulet --</subfield>
         <subfield code="g">6.</subfield>
         <subfield code="t">Twin healing amulets --</subfield>
         <subfield code="g">Annexe :</subfield>
         <subfield code="t">Étude des dépôts d’encre de P.Stras. Inv. Kopt. 201 et 202 : Des amulettes jumelles ? --</subfield>
         <subfield code="g">7.</subfield>
         <subfield code="t">Amulet for protection, probably against fever --</subfield>
         <subfield code="g">8.</subfield>
         <subfield code="t">Magical text concerning the eyes and face --</subfield>
         <subfield code="g">9.</subfield>
         <subfield code="t">Magical request for revelation.</subfield>
         <subfield code="g">IV.</subfield>
         <subfield code="t">Textes documentaires.</subfield>
         <subfield code="g">IV.A.</subfield>
         <subfield code="t">Textes juridiques.</subfield>
         <subfield code="g">10.</subfield>
         <subfield code="t">Pachtquittung --</subfield>
         <subfield code="g">11.</subfield>
         <subfield code="t">Anerkennung einer Geldschuld --</subfield>
         <subfield code="g">12.</subfield>
         <subfield code="t">Sale of wine on delivery.</subfield>
         <subfield code="g">IV.B.</subfield>
         <subfield code="t">Lettres.</subfield>
         <subfield code="g">13.</subfield>
         <subfield code="t">Lettre d’un comte à un prêtre, des prôtokômêtes et des kômarques de l’Hermopolite --</subfield>
         <subfield code="g">14.</subfield>
         <subfield code="t">Lettre du dossier de Phoibadia’ --</subfield>
         <subfield code="g">15.</subfield>
         <subfield code="t">Lettre --</subfield>
         <subfield code="g">16.</subfield>
         <subfield code="t">Letter to the priest and proestôs apa Jakôb --</subfield>
         <subfield code="g">17.</subfield>
         <subfield code="t">Letter to the priest apa Theodosios --</subfield>
         <subfield code="g">18.</subfield>
         <subfield code="t">Lettre monastique en fayoumique --</subfield>
         <subfield code="g">19.</subfield>
         <subfield code="t">Private letter in Fayyumic --</subfield>
      </datafield>
      <datafield tag="505" ind1="8" ind2="0">
         <subfield code="g">20.</subfield>
         <subfield code="t">Reused piece of paper with a personal letter and a list.</subfield>
         <subfield code="g">IV.C.</subfield>
         <subfield code="t">Ostraca.</subfield>
         <subfield code="t">Introduction /</subfield>
         <subfield code="r">Delattre, A. --</subfield>
         <subfield code="r">Fournet, J.-L. --</subfield>
         <subfield code="t">Dossier des reçus de taxe thébains et la fiscalité au début du VIIIe siècle /</subfield>
         <subfield code="r">Delattre, A. --</subfield>
         <subfield code="r">Fournet, J.-L. --</subfield>
         <subfield code="g">21-26.</subfield>
         <subfield code="t">Textes divers --</subfield>
         <subfield code="g">27-66.</subfield>
         <subfield code="t">Reçus de taxe --</subfield>
         <subfield code="t">Annexes /</subfield>
         <subfield code="r">Delattre, A. --</subfield>
         <subfield code="r">Fournet, J.-L. --</subfield>
         <subfield code="g">Annexe 1.</subfield>
         <subfield code="t">Corrections à des ostraca de Strasbourg --</subfield>
         <subfield code="g">Annexe 2.</subfield>
         <subfield code="t">Corrections à des reçus de taxe --</subfield>
         <subfield code="g">Annexe 3.</subfield>
         <subfield code="t">Datations.</subfield>
         <subfield code="g">IV.D.</subfield>
         <subfield code="t">Perméabilité linguistique et anthroponymique entre copte et arabe : l’exemple de comptes en caractères coptes du Fayoum fatimide (avec édition des textes 67 et 68) --</subfield>
         <subfield code="g">En Annexe.</subfield>
         <subfield code="t">Répertoire des anthroponymes arabes trouvés dans les documents coptes /</subfield>
         <subfield code="r">Legendre, M. --</subfield>
         <subfield code="g">Introduction --</subfield>
         <subfield code="t">Contexte.</subfield>
         <subfield code="t">Datation et provenance --</subfield>
         <subfield code="t">Analyse linguistique : lire l’arabe dans un cadre phonologique et graphémique copte --</subfield>
         <subfield code="t">Traits dialectaux --</subfield>
         <subfield code="t">Du copte à l’arabe : questions phonologiques --</subfield>
         <subfield code="t">Analyse lexicographique et stylistique --</subfield>
         <subfield code="t">Contribution au lexique des emprunts arabes --</subfield>
         <subfield code="t">Syntaxe en situation de contacts linguistiques --</subfield>
         <subfield code="t">Variations de codes linguistiques --</subfield>
         <subfield code="t">Bases d’anthroponymie arabe et leur compréhension dans un texte copte --</subfield>
         <subfield code="t">Composantes des noms arabes --</subfield>
         <subfield code="t">Problèmes de traduction et transcription des anthroponymes arabes en copte --</subfield>
         <subfield code="t">Que peut-on lire dans ces noms ? Pour une tentative de caractérisation du groupe --</subfield>
         <subfield code="t">Taxer, rationner, nourrir ou recevoir dans le Fayoum fatimide --</subfield>
         <subfield code="t">Production, transmission et réception du document --</subfield>
      </datafield>
      <datafield tag="505" ind1="8" ind2="0">
         <subfield code="t">Textes.</subfield>
         <subfield code="g">67.</subfield>
         <subfield code="t">Texte I --</subfield>
         <subfield code="g">68.</subfield>
         <subfield code="t">Texte II --</subfield>
         <subfield code="t">Index des anthroponymes sous leur forme copte --</subfield>
         <subfield code="t">Bibliographie --</subfield>
         <subfield code="t">Annexes.</subfield>
         <subfield code="g">Annexe 1.</subfield>
         <subfield code="t">Concordances des alphabets coptes et arabes d’après 67 et 68 --</subfield>
         <subfield code="g">Annexe 2.</subfield>
         <subfield code="t">Emprunts lexicographiques arabes dans 67 et 68 --</subfield>
         <subfield code="g">Annexe 3.</subfield>
         <subfield code="t">Répertoire des anthroponymes arabes attestés dans les documents coptes --</subfield>
         <subfield code="g">Annexe 4.</subfield>
         <subfield code="t">Expression de la filiation (nasab) des noms arabes dans les documents coptes --</subfield>
         <subfield code="g">V.</subfield>
         <subfield code="t">Bibliographie générale --</subfield>
         <subfield code="g">VI.</subfield>
         <subfield code="t">Index --</subfield>
         <subfield code="g">VII.</subfield>
         <subfield code="t">Planches.</subfield>
      </datafield>
      <datafield tag="546" ind1=" " ind2=" ">
         <subfield code="a">Contributions in French, English, or German; texts in Coptic.</subfield>
      </datafield>
      <datafield tag="610" ind1="2" ind2="0">
         <subfield code="a">Bibliothèque nationale et universitaire de Strasbourg</subfield>
         <subfield code="x">Archaeological collections.</subfield>
      </datafield>
      <datafield tag="650" ind1=" " ind2="0">
         <subfield code="a">Coptic language</subfield>
         <subfield code="v">Texts.</subfield>
      </datafield>
      <datafield tag="650" ind1=" " ind2="0">
         <subfield code="a">Coptic manuscripts (Papyri)</subfield>
         <subfield code="z">France</subfield>
         <subfield code="z">Strasbourg.</subfield>
      </datafield>
      <datafield tag="651" ind1=" " ind2="0">
         <subfield code="a">Egypt</subfield>
         <subfield code="x">Antiquities.</subfield>
      </datafield>
      <datafield tag="700" ind1="1" ind2=" ">
         <subfield code="a">Bouvarel-Boud'hors, Anne</subfield>
         <subfield code="e">editor.</subfield>
      </datafield>
      <datafield tag="700" ind1="1" ind2=" ">
         <subfield code="a">Delattre, Alain</subfield>
         <subfield code="e">editor.</subfield>
      </datafield>
      <datafield tag="700" ind1="1" ind2=" ">
         <subfield code="a">Louis, Catherine,</subfield>
         <subfield code="d">1963-</subfield>
         <subfield code="e">editor.</subfield>
      </datafield>
      <datafield tag="700" ind1="1" ind2=" ">
         <subfield code="a">Richter, Tonio Sebastian</subfield>
         <subfield code="e">editor.</subfield>
      </datafield>
      <datafield tag="830" ind1=" " ind2="0">
         <subfield code="a">Cahiers de la Bibliothèque copte ;</subfield>
         <subfield code="v">19.</subfield>
      </datafield>
      <datafield tag="830" ind1=" " ind2="0">
         <subfield code="a">Etudes d'archéologie et d'histoire ancienne</subfield>
      </datafield>
      <datafield tag="994" ind1=" " ind2=" ">
         <subfield code="a">Z0</subfield>
         <subfield code="b">ZYU</subfield>
      </datafield>
      <datafield tag="OWN" ind1=" " ind2=" ">
         <subfield code="a">GENERAL</subfield>
      </datafield>
      <datafield tag="AVA" ind1=" " ind2=" ">
         <subfield code="a">NYU50</subfield>
         <subfield code="b">NISAW</subfield>
         <subfield code="c">Small Collection</subfield>
         <subfield code="d">PJ2196.B535 C67 2014</subfield>
         <subfield code="e">available</subfield>
         <subfield code="t">Available</subfield>
         <subfield code="f">1</subfield>
         <subfield code="g">0</subfield>
         <subfield code="h">N</subfield>
         <subfield code="i">0</subfield>
         <subfield code="j">SMALL</subfield>
         <subfield code="k">0</subfield>
      </datafield>
      <marc:datafield tag="852" ind1=" " ind2=" ">
         <marc:subfield code="b">Institute for the Study of the Ancient World, </marc:subfield>
         <marc:subfield code="c">Small Collection</marc:subfield>
         <marc:subfield code="e">15 East 84th St., </marc:subfield>
         <marc:subfield code="e">New York, NY  10028</marc:subfield>
      </marc:datafield>
   </record>