
  
  
  
  
  
  
  
 
  
  <record xsi:schemaLocation="http://www.loc.gov/MARC21/slim http://www.loc.gov/standards/marcxml/schema/MARC21slim.xsd">
      <leader>00000cam  2200685 i 4500</leader>
      <controlfield tag="FMT">BK</controlfield>
      <controlfield tag="LDR">00000cam  2200685 i 4500</controlfield>
      <controlfield tag="001">004118585</controlfield>
      <controlfield tag="003">OCoLC</controlfield>
      <controlfield tag="005">20150316120453.0</controlfield>
      <controlfield tag="008">150316s1893    gw       b    001 0 grc</controlfield>
      <datafield tag="010" ind1=" " ind2=" ">
         <subfield code="a">34014787</subfield>
      </datafield>
      <datafield tag="035" ind1=" " ind2=" ">
         <subfield code="a">(OCoLC)2029147</subfield>
         <subfield code="z">(OCoLC)68167231</subfield>
      </datafield>
      <datafield tag="040" ind1=" " ind2=" ">
         <subfield code="a">DLC</subfield>
         <subfield code="b">eng</subfield>
         <subfield code="c">DGW</subfield>
         <subfield code="d">OCLCQ</subfield>
         <subfield code="d">OCLCG</subfield>
         <subfield code="d">STF</subfield>
         <subfield code="d">KRTAS</subfield>
         <subfield code="d">ZWZ</subfield>
         <subfield code="d">OCLCA</subfield>
         <subfield code="d">OCLCF</subfield>
         <subfield code="d">GZM</subfield>
         <subfield code="d">OCLCO</subfield>
         <subfield code="d">OCLCQ</subfield>
         <subfield code="d">OCLCO</subfield>
         <subfield code="d">NNU</subfield>
      </datafield>
      <datafield tag="041" ind1="0" ind2=" ">
         <subfield code="a">grc</subfield>
         <subfield code="a">lat</subfield>
         <subfield code="a">ara</subfield>
         <subfield code="g">lat</subfield>
      </datafield>
      <datafield tag="050" ind1="0" ind2="4">
         <subfield code="a">PA3403.P6</subfield>
         <subfield code="b">1893</subfield>
      </datafield>
      <datafield tag="245" ind1="0" ind2="0">
         <subfield code="a">Scriptores physiognomonici Graeci et Latini /</subfield>
         <subfield code="c">rencensuit Richardus Foerster.</subfield>
      </datafield>
      <datafield tag="260" ind1=" " ind2=" ">
         <subfield code="a">Lipsiae :</subfield>
         <subfield code="b">In aedibus B.G. Teubneri,</subfield>
         <subfield code="c">1893.</subfield>
      </datafield>
      <datafield tag="300" ind1=" " ind2=" ">
         <subfield code="a">2 volumes ;</subfield>
         <subfield code="c">18 cm.</subfield>
      </datafield>
      <datafield tag="336" ind1=" " ind2=" ">
         <subfield code="a">text</subfield>
         <subfield code="b">txt</subfield>
         <subfield code="2">rdacontent</subfield>
      </datafield>
      <datafield tag="337" ind1=" " ind2=" ">
         <subfield code="a">unmediated</subfield>
         <subfield code="b">n</subfield>
         <subfield code="2">rdamedia</subfield>
      </datafield>
      <datafield tag="338" ind1=" " ind2=" ">
         <subfield code="a">volume</subfield>
         <subfield code="b">nc</subfield>
         <subfield code="2">rdacarrier</subfield>
      </datafield>
      <datafield tag="490" ind1="1" ind2=" ">
         <subfield code="a">Bibliotheca scriptorum Graecorum et Romanorum Teubneriana</subfield>
      </datafield>
      <datafield tag="500" ind1=" " ind2=" ">
         <subfield code="a">ISAW copy is from the Library of Pieter Sijpesteijn.</subfield>
         <subfield code="5">NNU</subfield>
      </datafield>
      <datafield tag="505" ind1="0" ind2=" ">
         <subfield code="a">I. Physiognomonica Pseudaristotelis, graece et latine, Adamantii cum epitomis graece, Polemonis e recensione Georgii Hoffmanni arabice et latine.--II. Physiognomonica anonymi, Pseudopolemonis, Rasis, Secreti secretorum latine, anonymi graece, fragmenta, indices.</subfield>
      </datafield>
      <datafield tag="546" ind1=" " ind2=" ">
         <subfield code="a">Texts in Greek, Latin, and Arabic; pref. and notes in Latin.</subfield>
      </datafield>
      <datafield tag="504" ind1=" " ind2=" ">
         <subfield code="a">Includes bibliographical references and indexes.</subfield>
      </datafield>
      <datafield tag="650" ind1=" " ind2="0">
         <subfield code="a">Physiognomy.</subfield>
      </datafield>
      <datafield tag="650" ind1=" " ind2="0">
         <subfield code="a">Physiognomy</subfield>
         <subfield code="v">Early works to 1800.</subfield>
      </datafield>
      <datafield tag="650" ind1=" " ind2="7">
         <subfield code="a">Physiognomy.</subfield>
         <subfield code="2">fast</subfield>
         <subfield code="0">(OCoLC)fst01063156</subfield>
      </datafield>
      <datafield tag="650" ind1=" " ind2="7">
         <subfield code="a">Physiognomonie</subfield>
         <subfield code="x">Dans la littérature.</subfield>
         <subfield code="2">ram</subfield>
      </datafield>
      <datafield tag="700" ind1="1" ind2=" ">
         <subfield code="a">Polemo, Antonius,</subfield>
         <subfield code="d">approximately 88-145.</subfield>
      </datafield>
      <datafield tag="700" ind1="1" ind2=" ">
         <subfield code="a">Hoffmann, Georg,</subfield>
         <subfield code="d">1845-1943.</subfield>
      </datafield>
      <datafield tag="700" ind1="1" ind2=" ">
         <subfield code="a">Foerster, Richard,</subfield>
         <subfield code="d">1843-1922.</subfield>
      </datafield>
      <datafield tag="700" ind1="1" ind2=" ">
         <subfield code="a">Rāzī, Abū Bakr Muḥammad ibn Zakarīyā,</subfield>
         <subfield code="d">865?-925?</subfield>
      </datafield>
      <datafield tag="700" ind1="0" ind2=" ">
         <subfield code="a">Aristotle.</subfield>
      </datafield>
      <datafield tag="700" ind1="0" ind2="2">
         <subfield code="a">Adamant</subfield>
         <subfield code="t">Physiognomonica.</subfield>
      </datafield>
      <datafield tag="730" ind1="0" ind2="2">
         <subfield code="a">Physiognomonica.</subfield>
      </datafield>
      <datafield tag="730" ind1="0" ind2=" ">
         <subfield code="a">Secretum secretorum.</subfield>
      </datafield>
      <datafield tag="740" ind1="0" ind2=" ">
         <subfield code="a">Physiognomonia ex tribus auctoribus.</subfield>
      </datafield>
      <datafield tag="776" ind1="0" ind2="8">
         <subfield code="i">Online version:</subfield>
         <subfield code="t">Scriptores physiognomonici graeci et latini.</subfield>
         <subfield code="d">Lipsiae, in aedibus B.G. Teubneri, 1893</subfield>
         <subfield code="w">(OCoLC)615362162</subfield>
      </datafield>
      <datafield tag="796" ind1="1" ind2=" ">
         <subfield code="a">Sijpesteijn, P. J.,</subfield>
         <subfield code="e">former owner.</subfield>
      </datafield>
      <datafield tag="797" ind1="2" ind2=" ">
         <subfield code="a">Sijpesteijn Collection.</subfield>
      </datafield>
      <datafield tag="830" ind1=" " ind2="0">
         <subfield code="a">Bibliotheca scriptorum Graecorum et Romanorum Teubneriana</subfield>
      </datafield>
      <datafield tag="994" ind1=" " ind2=" ">
         <subfield code="a">Z0</subfield>
         <subfield code="b">ZYU</subfield>
      </datafield>
      <datafield tag="OWN" ind1=" " ind2=" ">
         <subfield code="a">GENERAL</subfield>
      </datafield>
      <datafield tag="AVA" ind1=" " ind2=" ">
         <subfield code="a">NYU50</subfield>
         <subfield code="b">NISAW</subfield>
         <subfield code="c">Small Collection</subfield>
         <subfield code="d">PA3403.P6 1893</subfield>
         <subfield code="e">available</subfield>
         <subfield code="t">Available</subfield>
         <subfield code="f">1</subfield>
         <subfield code="g">0</subfield>
         <subfield code="h">Y</subfield>
         <subfield code="i">0</subfield>
         <subfield code="j">SMALL</subfield>
         <subfield code="k">0</subfield>
      </datafield>
      <marc:datafield tag="852" ind1=" " ind2=" ">
         <marc:subfield code="b">Institute for the Study of the Ancient World, </marc:subfield>
         <marc:subfield code="c">Small Collection</marc:subfield>
         <marc:subfield code="e">15 East 84th St., </marc:subfield>
         <marc:subfield code="e">New York, NY  10028</marc:subfield>
      </marc:datafield>
   </record>