
  
  
  
  
  
  
 
  
  <record xsi:schemaLocation="http://www.loc.gov/MARC21/slim http://www.loc.gov/standards/marcxml/schema/MARC21slim.xsd">
      <leader>00000cam  2200481 a 4500</leader>
      <controlfield tag="FMT">BK</controlfield>
      <controlfield tag="LDR">00000cam  2200481 a 4500</controlfield>
      <controlfield tag="001">004120051</controlfield>
      <controlfield tag="003">OCoLC</controlfield>
      <controlfield tag="005">20150317142054.0</controlfield>
      <controlfield tag="008">150317s1968    ne       bm   001 0 eng d</controlfield>
      <datafield tag="035" ind1=" " ind2=" ">
         <subfield code="a">(OCoLC)25287378</subfield>
         <subfield code="z">(OCoLC)269247390</subfield>
         <subfield code="z">(OCoLC)614369104</subfield>
      </datafield>
      <datafield tag="040" ind1=" " ind2=" ">
         <subfield code="a">IOL</subfield>
         <subfield code="b">eng</subfield>
         <subfield code="c">IOL</subfield>
         <subfield code="d">OCL</subfield>
         <subfield code="d">CRL</subfield>
         <subfield code="d">ERL</subfield>
         <subfield code="d">OCLCQ</subfield>
         <subfield code="d">OCLCF</subfield>
         <subfield code="d">OCLCO</subfield>
         <subfield code="d">OCLCQ</subfield>
         <subfield code="d">NNU</subfield>
      </datafield>
      <datafield tag="041" ind1="1" ind2=" ">
         <subfield code="a">englat</subfield>
         <subfield code="h">lat</subfield>
      </datafield>
      <datafield tag="050" ind1=" " ind2="4">
         <subfield code="a">PA6697.A4</subfield>
         <subfield code="b">S5 1968</subfield>
      </datafield>
      <datafield tag="082" ind1="0" ind2="4">
         <subfield code="a">873.5</subfield>
      </datafield>
      <datafield tag="100" ind1="1" ind2=" ">
         <subfield code="a">Snijder, H.</subfield>
         <subfield code="q">(Harry)</subfield>
      </datafield>
      <datafield tag="245" ind1="1" ind2="0">
         <subfield code="a">P. Papinius Statius, Thebaid :</subfield>
         <subfield code="b">a commentary on book III /</subfield>
         <subfield code="c">with text and introduction by J. Snijder.</subfield>
      </datafield>
      <datafield tag="246" ind1="3" ind2=" ">
         <subfield code="a">Thebaid</subfield>
      </datafield>
      <datafield tag="260" ind1=" " ind2=" ">
         <subfield code="a">Amsterdam :</subfield>
         <subfield code="b">Adolf M. Hakkert,</subfield>
         <subfield code="c">1968.</subfield>
      </datafield>
      <datafield tag="300" ind1=" " ind2=" ">
         <subfield code="a">284 pages ;</subfield>
         <subfield code="c">27 cm</subfield>
      </datafield>
      <datafield tag="336" ind1=" " ind2=" ">
         <subfield code="a">text</subfield>
         <subfield code="b">txt</subfield>
         <subfield code="2">rdacontent</subfield>
      </datafield>
      <datafield tag="337" ind1=" " ind2=" ">
         <subfield code="a">unmediated</subfield>
         <subfield code="b">n</subfield>
         <subfield code="2">rdamedia</subfield>
      </datafield>
      <datafield tag="338" ind1=" " ind2=" ">
         <subfield code="a">volume</subfield>
         <subfield code="b">nc</subfield>
         <subfield code="2">rdacarrier</subfield>
      </datafield>
      <datafield tag="500" ind1=" " ind2=" ">
         <subfield code="a">Text of the Thebaid in Latin.</subfield>
      </datafield>
      <datafield tag="500" ind1=" " ind2=" ">
         <subfield code="a">ISAW copy is from the Library of Pieter Sijpesteijn.</subfield>
         <subfield code="5">NNU</subfield>
      </datafield>
      <datafield tag="502" ind1=" " ind2=" ">
         <subfield code="b">doctoral</subfield>
         <subfield code="c">Universiteit van Amsterdam</subfield>
         <subfield code="d">1968.</subfield>
      </datafield>
      <datafield tag="504" ind1=" " ind2=" ">
         <subfield code="a">Includes bibliographical references (pages 270-274) and index.</subfield>
      </datafield>
      <datafield tag="600" ind1="1" ind2="0">
         <subfield code="a">Statius, P. Papinius</subfield>
         <subfield code="q">(Publius Papinius).</subfield>
         <subfield code="t">Thebais.</subfield>
      </datafield>
      <datafield tag="650" ind1=" " ind2="0">
         <subfield code="a">Seven against Thebes (Greek mythology) in literature.</subfield>
      </datafield>
      <datafield tag="650" ind1=" " ind2="0">
         <subfield code="a">Seven against Thebes (Greek mythology)</subfield>
         <subfield code="v">Poetry.</subfield>
      </datafield>
      <datafield tag="600" ind1="1" ind2="4">
         <subfield code="a">Statius, Publius Papinius.</subfield>
         <subfield code="t">Thebaid. Book 3.</subfield>
      </datafield>
      <datafield tag="630" ind1="0" ind2="7">
         <subfield code="a">Thebais (Statius, P. Papinius)</subfield>
         <subfield code="2">fast</subfield>
         <subfield code="0">(OCoLC)fst01358074</subfield>
      </datafield>
      <datafield tag="650" ind1=" " ind2="7">
         <subfield code="a">Seven against Thebes (Greek mythology)</subfield>
         <subfield code="2">fast</subfield>
         <subfield code="0">(OCoLC)fst01113646</subfield>
      </datafield>
      <datafield tag="650" ind1=" " ind2="7">
         <subfield code="a">Seven against Thebes (Greek mythology) in literature.</subfield>
         <subfield code="2">fast</subfield>
         <subfield code="0">(OCoLC)fst01113648</subfield>
      </datafield>
      <datafield tag="655" ind1=" " ind2="7">
         <subfield code="a">Poetry.</subfield>
         <subfield code="2">fast</subfield>
         <subfield code="0">(OCoLC)fst01423828</subfield>
      </datafield>
      <datafield tag="700" ind1="1" ind2="2">
         <subfield code="a">Statius, P. Papinius</subfield>
         <subfield code="q">(Publius Papinius)</subfield>
         <subfield code="t">Thebais.</subfield>
      </datafield>
      <datafield tag="710" ind1="2" ind2=" ">
         <subfield code="a">Universiteit van Amsterdam.</subfield>
      </datafield>
      <datafield tag="776" ind1="0" ind2="8">
         <subfield code="i">Online version:</subfield>
         <subfield code="a">Snijder, Harry.</subfield>
         <subfield code="t">P. Papinius Statius, Thebaid.</subfield>
         <subfield code="d">Amsterdam : Adolf M. Hakkert, 1968</subfield>
         <subfield code="w">(OCoLC)786181162</subfield>
      </datafield>
      <datafield tag="796" ind1="1" ind2=" ">
         <subfield code="a">Sijpesteijn, P. J.,</subfield>
         <subfield code="e">former owner.</subfield>
      </datafield>
      <datafield tag="797" ind1="2" ind2=" ">
         <subfield code="a">Sijpesteijn Collection.</subfield>
      </datafield>
      <datafield tag="994" ind1=" " ind2=" ">
         <subfield code="a">Z0</subfield>
         <subfield code="b">ZYU</subfield>
      </datafield>
      <datafield tag="OWN" ind1=" " ind2=" ">
         <subfield code="a">GENERAL</subfield>
      </datafield>
      <datafield tag="AVA" ind1=" " ind2=" ">
         <subfield code="a">NYU50</subfield>
         <subfield code="b">NISAW</subfield>
         <subfield code="c">Small Collection</subfield>
         <subfield code="d">PA6697.A4 S5 1968</subfield>
         <subfield code="e">available</subfield>
         <subfield code="t">Available</subfield>
         <subfield code="f">1</subfield>
         <subfield code="g">0</subfield>
         <subfield code="h">N</subfield>
         <subfield code="i">0</subfield>
         <subfield code="j">SMALL</subfield>
         <subfield code="k">0</subfield>
      </datafield>
      <marc:datafield tag="852" ind1=" " ind2=" ">
         <marc:subfield code="b">Institute for the Study of the Ancient World, </marc:subfield>
         <marc:subfield code="c">Small Collection</marc:subfield>
         <marc:subfield code="e">15 East 84th St., </marc:subfield>
         <marc:subfield code="e">New York, NY  10028</marc:subfield>
      </marc:datafield>
   </record>