
  
  
  
  
  
  
 
  
  <record xsi:schemaLocation="http://www.loc.gov/MARC21/slim http://www.loc.gov/standards/marcxml/schema/MARC21slim.xsd">
      <leader>00000cam a2200529 a 45M</leader>
      <controlfield tag="FMT">BK</controlfield>
      <controlfield tag="LDR">00000cam a2200529 a 45M</controlfield>
      <controlfield tag="001">000519191</controlfield>
      <controlfield tag="003">NNU</controlfield>
      <controlfield tag="005">20150317153515.0</controlfield>
      <controlfield tag="008">061016s2006    nyuab    bc   100 0 eng</controlfield>
      <datafield tag="010" ind1=" " ind2=" ">
         <subfield code="a">2006034599</subfield>
      </datafield>
      <datafield tag="020" ind1=" " ind2=" ">
         <subfield code="a">9781588392053 (Metropolitan Museum of Art : T.p. verso : pbk.)</subfield>
      </datafield>
      <datafield tag="020" ind1=" " ind2=" ">
         <subfield code="a">1588392058 (Metropolitan Museum of Art : pbk.)</subfield>
      </datafield>
      <datafield tag="020" ind1=" " ind2=" ">
         <subfield code="a">9780300085105 (Yale University Press : T.p. verso : pbk.)</subfield>
      </datafield>
      <datafield tag="020" ind1=" " ind2=" ">
         <subfield code="a">0300085109 (Yale University Press : pbk.)</subfield>
      </datafield>
      <datafield tag="020" ind1=" " ind2=" ">
         <subfield code="a">9780300124033 (Label on p. [4] of cover : pbk.)</subfield>
      </datafield>
      <datafield tag="035" ind1="9" ind2=" ">
         <subfield code="a">NYUb13508439</subfield>
      </datafield>
      <datafield tag="035" ind1=" " ind2=" ">
         <subfield code="a">(CStRLIN)DCLC2006034599-B</subfield>
      </datafield>
      <datafield tag="035" ind1=" " ind2=" ">
         <subfield code="a">(NYU)NYUb13508439</subfield>
      </datafield>
      <datafield tag="040" ind1=" " ind2=" ">
         <subfield code="a">DLC</subfield>
         <subfield code="c">DLC</subfield>
         <subfield code="d">DLC</subfield>
         <subfield code="d">NNU</subfield>
      </datafield>
      <datafield tag="043" ind1=" " ind2=" ">
         <subfield code="a">e-un---</subfield>
         <subfield code="a">me-----</subfield>
         <subfield code="a">ac-----</subfield>
      </datafield>
      <datafield tag="050" ind1="0" ind2="0">
         <subfield code="a">NK7106.4.S38</subfield>
         <subfield code="b">G64 2006</subfield>
      </datafield>
      <datafield tag="082" ind1="0" ind2="0">
         <subfield code="a">709/.3951/0747471</subfield>
         <subfield code="2">22</subfield>
      </datafield>
      <datafield tag="245" ind1="0" ind2="4">
         <subfield code="a">The golden deer of Eurasia :</subfield>
         <subfield code="b">perspectives on the steppe nomads of the ancient world /</subfield>
         <subfield code="c">edited by Joan Aruz, Ann Farkas, and Elisabetta Valtz Fino.</subfield>
      </datafield>
      <datafield tag="260" ind1=" " ind2=" ">
         <subfield code="a">New York :</subfield>
         <subfield code="b">Metropolitan Museum of Art ;</subfield>
         <subfield code="a">New Haven :</subfield>
         <subfield code="b">Yale University Press,</subfield>
         <subfield code="c">c2006.</subfield>
      </datafield>
      <datafield tag="300" ind1=" " ind2=" ">
         <subfield code="a">xi, 243 p. :</subfield>
         <subfield code="b">ill. (some col.), maps (1col.) ;</subfield>
         <subfield code="c">26 cm.</subfield>
      </datafield>
      <datafield tag="490" ind1="1" ind2=" ">
         <subfield code="a">The Metropolitan Museum Of Art symposia</subfield>
      </datafield>
      <datafield tag="500" ind1=" " ind2=" ">
         <subfield code="a">"The exhibition The Golden Deer of Eurasia: Scythian and Sarmatian Treasures from the Russian Steppes ... was held at The Metropolitan Museum of Art, New York, from October 12, 2000, to February 4, 2001."</subfield>
      </datafield>
      <datafield tag="500" ind1=" " ind2=" ">
         <subfield code="a">"The symposium, 'Nomads of the Eurasian Steppes' was held at The Metropolitan Museum of Art, New York, from October 12-13, 2000."</subfield>
      </datafield>
      <datafield tag="504" ind1=" " ind2=" ">
         <subfield code="a">Includes bibliographical references.</subfield>
      </datafield>
      <datafield tag="505" ind1="0" ind2=" ">
         <subfield code="t">The prehistory of Scythian cavalry : the evolution of fighting on horseback /</subfield>
         <subfield code="r">David W. Anthony --</subfield>
         <subfield code="t">Steppe nomadic culture and political organization /</subfield>
         <subfield code="r">Thomas J. Barfield --</subfield>
         <subfield code="t">Mobility, art, and identity in early Iron Age Europe and Asia /</subfield>
         <subfield code="r">Peter S. Wells --</subfield>
         <subfield code="t">Scythians and Saka : ethnic terminology and archaeological reality /</subfield>
         <subfield code="r">Leonid T. Yablonsky --</subfield>
         <subfield code="t">Helmets and mirrors : markers of social transformation /</subfield>
         <subfield code="r">Karen S. Rubinson --</subfield>
         <subfield code="t">Burial ritual of the Filippovka Kurgan in the Ural region /</subfield>
         <subfield code="r">Anatolii Kh. Pschenichniuk --</subfield>
         <subfield code="t">The stags of Filippovka : Mithraic coding on the southern Ural steppes /</subfield>
         <subfield code="r">Gernot Windfuhr --</subfield>
         <subfield code="t">Restoration of the objects from the Filippovka Kurgans /</subfield>
         <subfield code="r">Aleksei Bantikov --</subfield>
         <subfield code="t">Filippovka's "poor relatives" : ancient and modern Eurasian nomads /</subfield>
         <subfield code="r">Jeannine Davis-Kimball --</subfield>
         <subfield code="t">On the northern periphery of the nomadic world : research in the Trans-Ural region /</subfield>
         <subfield code="r">Liudmila Koryakova --</subfield>
         <subfield code="t">The gold of the griffins : recent excavation of a frozen tomb in Kazakhstan /</subfield>
         <subfield code="r">Henri-Paul Francfort, Giancarlo Ligabue, and Zainullah Samashev --</subfield>
         <subfield code="t">Discovery of a royal burial of the Scythian period in Tuva /</subfield>
         <subfield code="r">Konstantin V. Chugunov, Anatolii Nagler, and Hermann Parzinger --</subfield>
         <subfield code="t">The material culture of the Iron Age people in Xinjiang, Northwest China /</subfield>
         <subfield code="r">Jianjun Mei --</subfield>
         <subfield code="t">Reconstructing Cimmerian and early Scythian history : the written sources /</subfield>
         <subfield code="r">Askold Ivantchik --</subfield>
         <subfield code="t">Bronze socketed arrowheads and ethnic attribution /</subfield>
         <subfield code="r">Oscar White Muscarella --</subfield>
         <subfield code="t">Scythian kings and "royal barrows" of the fifth and fourth centuries B.C. : modern chronology and interpretation /</subfield>
         <subfield code="r">Andrei Alekseev --</subfield>
         <subfield code="t">Royal tombs and hill fortresses : new perspectives on Scythian life /</subfield>
         <subfield code="r">Renate Rolle --</subfield>
         <subfield code="t">The Filippovka deer : inquiry into their North Asian sources and symbolic significance /</subfield>
         <subfield code="r">Esther Jacobson --</subfield>
         <subfield code="t">Camel imagery in animal style art /</subfield>
         <subfield code="r">Elena Korolkova.</subfield>
      </datafield>
      <datafield tag="650" ind1=" " ind2="0">
         <subfield code="a">Goldwork, Scythian</subfield>
         <subfield code="z">Ukraine</subfield>
         <subfield code="z">Pylypivka</subfield>
         <subfield code="v">Exhibitions.</subfield>
      </datafield>
      <datafield tag="650" ind1=" " ind2="0">
         <subfield code="a">Goldwork, Scythian</subfield>
         <subfield code="z">Ukraine</subfield>
         <subfield code="z">Pylypivka</subfield>
         <subfield code="v">Congresses.</subfield>
      </datafield>
      <datafield tag="650" ind1=" " ind2="0">
         <subfield code="a">Goldwork, Sarmatian</subfield>
         <subfield code="z">Ukraine</subfield>
         <subfield code="z">Pylypivka</subfield>
         <subfield code="v">Exhibitions.</subfield>
      </datafield>
      <datafield tag="650" ind1=" " ind2="0">
         <subfield code="a">Goldwork, Sarmatian</subfield>
         <subfield code="z">Ukraine</subfield>
         <subfield code="z">Pylypivka</subfield>
         <subfield code="v">Congresses.</subfield>
      </datafield>
      <datafield tag="650" ind1=" " ind2="0">
         <subfield code="a">Wood-carving</subfield>
         <subfield code="z">Ukraine</subfield>
         <subfield code="z">Pylypivka</subfield>
         <subfield code="v">Exhibitions.</subfield>
      </datafield>
      <datafield tag="650" ind1=" " ind2="0">
         <subfield code="a">Wood-carving</subfield>
         <subfield code="z">Ukraine</subfield>
         <subfield code="z">Pylypivka</subfield>
         <subfield code="v">Congresses.</subfield>
      </datafield>
      <datafield tag="650" ind1=" " ind2="0">
         <subfield code="a">Deer in art</subfield>
         <subfield code="v">Exhibitions.</subfield>
      </datafield>
      <datafield tag="650" ind1=" " ind2="0">
         <subfield code="a">Deer in art</subfield>
         <subfield code="v">Congresses.</subfield>
      </datafield>
      <datafield tag="650" ind1=" " ind2="0">
         <subfield code="a">Scythians</subfield>
         <subfield code="z">Ukraine</subfield>
         <subfield code="z">Pylypivka</subfield>
         <subfield code="x">Antiquities</subfield>
         <subfield code="v">Exhibitions.</subfield>
      </datafield>
      <datafield tag="650" ind1=" " ind2="0">
         <subfield code="a">Scythians</subfield>
         <subfield code="z">Ukraine</subfield>
         <subfield code="z">Pylypivka</subfield>
         <subfield code="x">Antiquities</subfield>
         <subfield code="v">Congresses.</subfield>
      </datafield>
      <datafield tag="650" ind1=" " ind2="0">
         <subfield code="a">Sarmatians</subfield>
         <subfield code="z">Ukraine</subfield>
         <subfield code="z">Pylypivka</subfield>
         <subfield code="x">Antiquities</subfield>
         <subfield code="v">Exhibitions.</subfield>
      </datafield>
      <datafield tag="650" ind1=" " ind2="0">
         <subfield code="a">Sarmatians</subfield>
         <subfield code="z">Ukraine</subfield>
         <subfield code="z">Pylypivka</subfield>
         <subfield code="x">Antiquities</subfield>
         <subfield code="v">Congresses.</subfield>
      </datafield>
      <datafield tag="651" ind1=" " ind2="0">
         <subfield code="a">Pylypivka (Ukraine)</subfield>
         <subfield code="x">Antiquities</subfield>
         <subfield code="v">Exhibitions.</subfield>
      </datafield>
      <datafield tag="651" ind1=" " ind2="0">
         <subfield code="a">Pylypivka (Ukraine)</subfield>
         <subfield code="x">Antiquities</subfield>
         <subfield code="v">Congresses.</subfield>
      </datafield>
      <datafield tag="700" ind1="1" ind2=" ">
         <subfield code="a">Aruz, Joan.</subfield>
      </datafield>
      <datafield tag="700" ind1="1" ind2=" ">
         <subfield code="a">Farkas, Ann.</subfield>
      </datafield>
      <datafield tag="700" ind1="1" ind2=" ">
         <subfield code="a">Fino, Elisabetta Valtz.</subfield>
      </datafield>
      <datafield tag="710" ind1="2" ind2=" ">
         <subfield code="a">Metropolitan Museum of Art (New York, N.Y.)</subfield>
      </datafield>
      <datafield tag="830" ind1=" " ind2="0">
         <subfield code="a">Metropolitan Museum of Art symposia</subfield>
      </datafield>
      <datafield tag="OWN" ind1=" " ind2=" ">
         <subfield code="a">GENERAL</subfield>
      </datafield>
      <datafield tag="980" ind1=" " ind2=" ">
         <subfield code="g">1</subfield>
         <subfield code="f">99947092019</subfield>
         <subfield code="a">20120216</subfield>
         <subfield code="b">00.01</subfield>
      </datafield>
      <datafield tag="981" ind1=" " ind2=" ">
         <subfield code="b">TNSBOOK-2011</subfield>
         <subfield code="c">TGMAIN</subfield>
         <subfield code="d">TF:TNSXNX1 S:KA DUP:000519191</subfield>
      </datafield>
      <datafield tag="982" ind1=" " ind2=" ">
         <subfield code="i">99947092019</subfield>
         <subfield code="b">212226</subfield>
         <subfield code="e">KA</subfield>
      </datafield>
      <datafield tag="984" ind1=" " ind2=" ">
         <subfield code="a">20120216</subfield>
         <subfield code="b">153850</subfield>
         <subfield code="c">YBP</subfield>
      </datafield>
      <datafield tag="985" ind1=" " ind2=" ">
         <subfield code="x">TNSXNX1</subfield>
         <subfield code="y">000519191</subfield>
      </datafield>
      <datafield tag="986" ind1=" " ind2=" ">
         <subfield code="a">914153</subfield>
      </datafield>
      <datafield tag="AVA" ind1=" " ind2=" ">
         <subfield code="a">NYU50</subfield>
         <subfield code="b">BOBST</subfield>
         <subfield code="c">Main Collection</subfield>
         <subfield code="d">NK7106.4.S38 G64 2006</subfield>
         <subfield code="e">available</subfield>
         <subfield code="t">Available</subfield>
         <subfield code="f">1</subfield>
         <subfield code="g">0</subfield>
         <subfield code="h">N</subfield>
         <subfield code="i">8</subfield>
         <subfield code="j">MAIN</subfield>
         <subfield code="k">0</subfield>
      </datafield>
      <datafield tag="AVA" ind1=" " ind2=" ">
         <subfield code="a">NYU50</subfield>
         <subfield code="b">NIFA</subfield>
         <subfield code="c">Main Collection</subfield>
         <subfield code="d">NK7106.4.S38 G65 2006 Non-circulating</subfield>
         <subfield code="e">available</subfield>
         <subfield code="t">Available</subfield>
         <subfield code="f">1</subfield>
         <subfield code="g">0</subfield>
         <subfield code="h">N</subfield>
         <subfield code="i">0</subfield>
         <subfield code="j">MAIN</subfield>
         <subfield code="k">0</subfield>
      </datafield>
      <datafield tag="AVA" ind1=" " ind2=" ">
         <subfield code="a">NYU50</subfield>
         <subfield code="b">NISAW</subfield>
         <subfield code="c">Large Collection</subfield>
         <subfield code="d">NK7106.4.S38 G64 2006</subfield>
         <subfield code="e">available</subfield>
         <subfield code="t">Available</subfield>
         <subfield code="f">1</subfield>
         <subfield code="g">0</subfield>
         <subfield code="h">N</subfield>
         <subfield code="i">0</subfield>
         <subfield code="j">LARGE</subfield>
         <subfield code="k">0</subfield>
      </datafield>
      <marc:datafield tag="852" ind1=" " ind2=" ">
         <marc:subfield code="b">Institute for the Study of the Ancient World, </marc:subfield>
         <marc:subfield code="c">Large Collection</marc:subfield>
         <marc:subfield code="e">15 East 84th St., </marc:subfield>
         <marc:subfield code="e">New York, NY  10028</marc:subfield>
      </marc:datafield>
      <datafield tag="AVA" ind1=" " ind2=" ">
         <subfield code="a">NYU50</subfield>
         <subfield code="b">TNSGI</subfield>
         <subfield code="c">Main Collection</subfield>
         <subfield code="d">NK7106.4.S38 G64 2006</subfield>
         <subfield code="e">available</subfield>
         <subfield code="t">Available</subfield>
         <subfield code="f">1</subfield>
         <subfield code="g">0</subfield>
         <subfield code="h">N</subfield>
         <subfield code="i">0</subfield>
         <subfield code="j">MAIN</subfield>
         <subfield code="k">0</subfield>
      </datafield>
      <datafield tag="AVA" ind1=" " ind2=" ">
         <subfield code="a">NYU50</subfield>
         <subfield code="b">WEB</subfield>
         <subfield code="c">Internet Resources</subfield>
         <subfield code="d">Electronic access</subfield>
         <subfield code="e">check_holdings</subfield>
         <subfield code="t">Check Holdings</subfield>
         <subfield code="j">GENI</subfield>
      </datafield>
   </record>