
  
  
  
  
  
  
 
  
  <record xsi:schemaLocation="http://www.loc.gov/MARC21/slim http://www.loc.gov/standards/marcxml/schema/MARC21slim.xsd">
      <leader>00000cam  2200313 i 4500</leader>
      <controlfield tag="FMT">BK</controlfield>
      <controlfield tag="LDR">00000cam  2200313 i 4500</controlfield>
      <controlfield tag="001">004120711</controlfield>
      <controlfield tag="003">OCoLC</controlfield>
      <controlfield tag="005">20150319120313.0</controlfield>
      <controlfield tag="008">150319t20152015ne abe   b    100 0 eng d</controlfield>
      <datafield tag="020" ind1=" " ind2=" ">
         <subfield code="a">9789088902871</subfield>
      </datafield>
      <datafield tag="020" ind1=" " ind2=" ">
         <subfield code="a">9088902879</subfield>
      </datafield>
      <datafield tag="020" ind1=" " ind2=" ">
         <subfield code="z">9789088902888 (e-book)</subfield>
      </datafield>
      <datafield tag="020" ind1=" " ind2=" ">
         <subfield code="z">9088902887 (e-book)</subfield>
      </datafield>
      <datafield tag="035" ind1=" " ind2=" ">
         <subfield code="a">(OCoLC)894310893</subfield>
         <subfield code="z">(OCoLC)894140230</subfield>
      </datafield>
      <datafield tag="040" ind1=" " ind2=" ">
         <subfield code="a">BTCTA</subfield>
         <subfield code="b">eng</subfield>
         <subfield code="e">rda</subfield>
         <subfield code="c">BTCTA</subfield>
         <subfield code="d">ERASA</subfield>
         <subfield code="d">YDXCP</subfield>
         <subfield code="d">NNU</subfield>
      </datafield>
      <datafield tag="043" ind1=" " ind2=" ">
         <subfield code="a">f-ua---</subfield>
      </datafield>
      <datafield tag="050" ind1=" " ind2="4">
         <subfield code="a">CC79.5.H85</subfield>
         <subfield code="b">C665 2015</subfield>
      </datafield>
      <datafield tag="111" ind1="1" ind2=" ">
         <subfield code="a">Conference on Human Remains in Egypt</subfield>
         <subfield code="d">(2010 :</subfield>
         <subfield code="c">Cairo)</subfield>
      </datafield>
      <datafield tag="245" ind1="1" ind2="0">
         <subfield code="a">Egyptian bioarchaeology :</subfield>
         <subfield code="b">humans, animals, and the environment /</subfield>
         <subfield code="c">edited by Salima Ikram, Jessica Kaiser &amp; Roxie Walker.</subfield>
      </datafield>
      <datafield tag="264" ind1=" " ind2="1">
         <subfield code="a">Leiden :</subfield>
         <subfield code="b">Sidestone Press,</subfield>
         <subfield code="c">[2015]</subfield>
      </datafield>
      <datafield tag="264" ind1=" " ind2="4">
         <subfield code="c">©2015</subfield>
      </datafield>
      <datafield tag="300" ind1=" " ind2=" ">
         <subfield code="a">246 pages :</subfield>
         <subfield code="b">illustrations (some color), maps, plans ;</subfield>
         <subfield code="c">26 cm</subfield>
      </datafield>
      <datafield tag="336" ind1=" " ind2=" ">
         <subfield code="a">text</subfield>
         <subfield code="b">txt</subfield>
         <subfield code="2">rdacontent</subfield>
      </datafield>
      <datafield tag="337" ind1=" " ind2=" ">
         <subfield code="a">unmediated</subfield>
         <subfield code="b">n</subfield>
         <subfield code="2">rdamedia</subfield>
      </datafield>
      <datafield tag="338" ind1=" " ind2=" ">
         <subfield code="a">volume</subfield>
         <subfield code="b">nc</subfield>
         <subfield code="2">rdacarrier</subfield>
      </datafield>
      <datafield tag="500" ind1=" " ind2=" ">
         <subfield code="a">Proceedings of the 2010 Conference on Human Remains in Egypt, held at the American Research Center in Egypt, Cairo, in January 2010.</subfield>
      </datafield>
      <datafield tag="504" ind1=" " ind2=" ">
         <subfield code="a">Includes bibliographical references.</subfield>
      </datafield>
      <datafield tag="505" ind1="0" ind2="0">
         <subfield code="t">Human remains.</subfield>
         <subfield code="t">Burials under the Temple of Millions of Years of Amenhotep II, Luxor, West Thebes /</subfield>
         <subfield code="r">Bellandi, Giovanna --</subfield>
         <subfield code="r">De Marzo, Roberta --</subfield>
         <subfield code="r">Benazzi, Stafano --</subfield>
         <subfield code="r">Sesana, Angelo --</subfield>
         <subfield code="t">Bioarchaeology, TT 65 Project, Hungarian Mission in Thebes /</subfield>
         <subfield code="r">Cybulski, Jerome S. --</subfield>
         <subfield code="r">Stark, Robert J. --</subfield>
         <subfield code="r">Bács, Tamás --</subfield>
         <subfield code="t">Bioarchaeology of Akhetaten : Unexpected Results from a Capital City /</subfield>
         <subfield code="r">Dabbs, Gretchen R. --</subfield>
         <subfield code="r">Rose, Jerome C. --</subfield>
         <subfield code="r">Zabecki, Melissa --</subfield>
         <subfield code="t">Birth in Ancient Egypt: Timing, Trauma, and Triumph? Evidence from the Dakhleh Oasis /</subfield>
         <subfield code="r">Dupras, Tosha L. --</subfield>
         <subfield code="r">Wheeler, Sandra M. --</subfield>
         <subfield code="r">Williams, Lana --</subfield>
         <subfield code="r">Sheldrick, Peter --</subfield>
         <subfield code="t">Studying Ancient Egyptian Mummies in the Field /</subfield>
         <subfield code="r">Ikram, Salima --</subfield>
         <subfield code="t">Case of Metastatic Carcinoma in an Old Kingdom-Period Skeleton from Saqqara /</subfield>
         <subfield code="r">Kozieradzka-Ogunmakin, Iwona --</subfield>
         <subfield code="t">Study of Growth Arrest Lines upon Human Remains from Kharga Oasis /</subfield>
         <subfield code="r">Lichtenberg, Roger --</subfield>
         <subfield code="t">From Egypt to Lithuania : Marija Rudzinskaitė-Arcimavičienė’s Mummy and its Radiological Investigation /</subfield>
         <subfield code="r">Piombino-Mascali, Dario --</subfield>
         <subfield code="r">McKnight, Lidija --</subfield>
         <subfield code="r">Snitkuvienė, Aldona --</subfield>
         <subfield code="r">Jankauskas, Rimantas --</subfield>
         <subfield code="r">Tamošiūnas, Algirdas --</subfield>
         <subfield code="r">Valančius, Ramūnas --</subfield>
         <subfield code="r">Rosendahl, Wilfried --</subfield>
         <subfield code="r">Panzer, Stephanie --</subfield>
         <subfield code="t">Canopic Jars : A New Source for Old Questions /</subfield>
         <subfield code="r">Rühli, Frank J. --</subfield>
         <subfield code="r">Bouwan, Abigail S. --</subfield>
         <subfield code="r">Habicht, Michael E. --</subfield>
         <subfield code="t">Decade of Advances in the Paleopathology of the Ancient Egyptians /</subfield>
         <subfield code="r">Sabbahy, Lisa --</subfield>
         <subfield code="t">Resolving a Mummy Mismatch /</subfield>
         <subfield code="r">Sampsell, Bonnie M. --</subfield>
         <subfield code="t">People of Sayala During the Late Roman to Early Byzantine Period /</subfield>
         <subfield code="r">Strouhal, Eugen --</subfield>
         <subfield code="t">Royal Musical Chairs : To Whom Does the New Pyramid in Saqqara Belong? /</subfield>
         <subfield code="r">Wahba, Afaf --</subfield>
         <subfield code="t">Behind Every Mask there is a Face, and Behind that a Story : Egyptian Bioarchaeology and Ancient Identities /</subfield>
         <subfield code="r">Zakrzewski, Sonia.</subfield>
      </datafield>
      <datafield tag="505" ind1="8" ind2="0">
         <subfield code="t">Faunal remains.</subfield>
         <subfield code="t">Dogs at El Deir /</subfield>
         <subfield code="r">Dunand, Françoise --</subfield>
         <subfield code="r">Lichtenberg, Roger – Callou, Cécile --</subfield>
         <subfield code="t">Feline Descendant of the Red or the Black Land : A Multidisciplinary Investigation of an unusually large Ancient Egyptian Cat Mummy /</subfield>
         <subfield code="r">Johansson, Carolin --</subfield>
         <subfield code="r">Metz, Geoffrey --</subfield>
         <subfield code="t">Uhlhorn, Margareta.</subfield>
         <subfield code="t">Dendroarchaeology.</subfield>
         <subfield code="t">Potential of Dendrochronology in Egypt : Understanding Ancient Human/Environment Interactions /</subfield>
         <subfield code="r">Creasman, Pearce Paul.</subfield>
      </datafield>
      <datafield tag="520" ind1=" " ind2=" ">
         <subfield code="a">This book consists of a series of essays that explore how ancient plant, animal, and human remains should be studied, and how, when they are integrated with texts, images, and artefacts, they can contribute to our understanding of the history, environment, and culture of ancient Egypt in a holistic manner. Topics covered in this volume relating to human remains include analyses of royal, elite and poor cemeteries of different eras, case studies on specific mummies, identification of different diseases in human remains, an overview of the state of palaeopathology in Egypt, how to analyse burials to establish season of death, the use of bodies to elucidate life stories, the potential of visceral remains in identifying individuals as well as diseases that they might have had, and a protocol for studying mummies. Faunal remains are represented by a study of a canine cemetery and a discussion of cat species that were mummified, and dendroarchaeology is represented by an overview of its potentials and pitfalls for dating Egyptian remains and revising its chronology. Leading international specialists from varied disciplines including physical anthropology, radiology, archaeozoology, Egyptology, and dendrochronology have contributed to this groundbreaking volume of essays that will no doubt provide much fodder for thought, and will be of interest to scholars and laypeople alike.</subfield>
      </datafield>
      <datafield tag="530" ind1=" " ind2=" ">
         <subfield code="a">Also published online.</subfield>
      </datafield>
      <datafield tag="650" ind1=" " ind2="0">
         <subfield code="a">Human remains (Archaeology)</subfield>
         <subfield code="z">Egypt</subfield>
         <subfield code="v">Congresses.</subfield>
      </datafield>
      <datafield tag="650" ind1=" " ind2="0">
         <subfield code="a">Animal remains (Archaeology)</subfield>
         <subfield code="z">Egypt</subfield>
         <subfield code="v">Congressses.</subfield>
      </datafield>
      <datafield tag="650" ind1=" " ind2="0">
         <subfield code="a">Excavations (Archaeology)</subfield>
         <subfield code="z">Egypt</subfield>
         <subfield code="v">Congresses.</subfield>
      </datafield>
      <datafield tag="651" ind1=" " ind2="0">
         <subfield code="a">Egypt</subfield>
         <subfield code="x">Antiquities</subfield>
         <subfield code="v">Congresses.</subfield>
      </datafield>
      <datafield tag="700" ind1="1" ind2=" ">
         <subfield code="a">Ikram, Salima</subfield>
         <subfield code="e">editor.</subfield>
      </datafield>
      <datafield tag="700" ind1="1" ind2=" ">
         <subfield code="a">Kaiser, Jessica,</subfield>
         <subfield code="e">editor.</subfield>
      </datafield>
      <datafield tag="700" ind1="1" ind2=" ">
         <subfield code="a">Walker, Roxie</subfield>
         <subfield code="e">editor.</subfield>
      </datafield>
      <datafield tag="776" ind1="0" ind2=" ">
         <subfield code="i">Online version:</subfield>
         <subfield code="t">Egyptian bioarchaeology.</subfield>
         <subfield code="w">(OCoLC)900164656</subfield>
         <subfield code="w">(BSN) 4120712</subfield>
         <subfield code="z">9789088902888</subfield>
      </datafield>
      <datafield tag="994" ind1=" " ind2=" ">
         <subfield code="a">Z0</subfield>
         <subfield code="b">ZYU</subfield>
      </datafield>
      <datafield tag="OWN" ind1=" " ind2=" ">
         <subfield code="a">GENERAL</subfield>
      </datafield>
      <datafield tag="980" ind1=" " ind2=" ">
         <subfield code="g">1</subfield>
         <subfield code="a">20150423</subfield>
         <subfield code="f">99962846147</subfield>
         <subfield code="b">00.01</subfield>
      </datafield>
      <datafield tag="981" ind1=" " ind2=" ">
         <subfield code="b">BBXANT-2014</subfield>
         <subfield code="c">BMAIN</subfield>
         <subfield code="d">NOTE: DUP:004120711 S:TJ</subfield>
      </datafield>
      <datafield tag="982" ind1=" " ind2=" ">
         <subfield code="v">99962846147</subfield>
         <subfield code="b">203006</subfield>
         <subfield code="e">TJ</subfield>
      </datafield>
      <datafield tag="984" ind1=" " ind2=" ">
         <subfield code="a">20150423</subfield>
         <subfield code="b">152224</subfield>
         <subfield code="c">YBP</subfield>
      </datafield>
      <datafield tag="985" ind1=" " ind2=" ">
         <subfield code="d">004120711</subfield>
      </datafield>
      <datafield tag="986" ind1=" " ind2=" ">
         <subfield code="a">11256006</subfield>
      </datafield>
      <datafield tag="049" ind1=" " ind2=" ">
         <subfield code="a">BMAIN</subfield>
      </datafield>
      <datafield tag="AVA" ind1=" " ind2=" ">
         <subfield code="a">NYU50</subfield>
         <subfield code="b">BOBST</subfield>
         <subfield code="c">Main Collection</subfield>
         <subfield code="e">unavailable</subfield>
         <subfield code="t">Unavailable</subfield>
         <subfield code="f">1</subfield>
         <subfield code="g">1</subfield>
         <subfield code="h">N</subfield>
         <subfield code="i">0</subfield>
         <subfield code="j">MAIN</subfield>
         <subfield code="k">0</subfield>
      </datafield>
      <datafield tag="AVA" ind1=" " ind2=" ">
         <subfield code="a">NYU50</subfield>
         <subfield code="b">NISAW</subfield>
         <subfield code="c">Small Collection</subfield>
         <subfield code="d">CC79.5.H85 C665 2015</subfield>
         <subfield code="e">available</subfield>
         <subfield code="t">Available</subfield>
         <subfield code="f">1</subfield>
         <subfield code="g">0</subfield>
         <subfield code="h">N</subfield>
         <subfield code="i">0</subfield>
         <subfield code="j">SMALL</subfield>
         <subfield code="k">0</subfield>
      </datafield>
      <marc:datafield tag="852" ind1=" " ind2=" ">
         <marc:subfield code="b">Institute for the Study of the Ancient World, </marc:subfield>
         <marc:subfield code="c">Small Collection</marc:subfield>
         <marc:subfield code="e">15 East 84th St., </marc:subfield>
         <marc:subfield code="e">New York, NY  10028</marc:subfield>
      </marc:datafield>
   </record>