
  
  
  
  
  
  
  
 
  
  <record xsi:schemaLocation="http://www.loc.gov/MARC21/slim http://www.loc.gov/standards/marcxml/schema/MARC21slim.xsd">
      <leader>00000nam a22      i 4500</leader>
      <controlfield tag="FMT">BK</controlfield>
      <controlfield tag="LDR">00000nam a22      i 4500</controlfield>
      <controlfield tag="001">004123353</controlfield>
      <controlfield tag="005">20150325154059.0</controlfield>
      <controlfield tag="008">150325m19581960is b          000 0 hebrd</controlfield>
      <datafield tag="040" ind1=" " ind2=" ">
         <subfield code="a">NNU</subfield>
         <subfield code="b">eng</subfield>
         <subfield code="e">RDA</subfield>
         <subfield code="c">NNU</subfield>
      </datafield>
      <datafield tag="050" ind1=" " ind2="4">
         <subfield code="a">DS121.A2</subfield>
         <subfield code="b">M45 1959</subfield>
      </datafield>
      <datafield tag="245" ind1="0" ind2="0">
         <subfield code="6">880-01</subfield>
         <subfield code="a">Meḳorot le-toldot Yiśraʼel bi-teḳufat ha-Miḳra /</subfield>
         <subfield code="c">ʻarakh A. Malamaṭ.</subfield>
      </datafield>
      <datafield tag="260" ind1=" " ind2=" ">
         <subfield code="6">880-02</subfield>
         <subfield code="a">Yerushalayim :</subfield>
         <subfield code="b">ha-Faḳulṭah le-madaʻe ha-ruaḥ, ha-Ḥug le-toldot Yiśraʼel, ha-Universiṭah ha-ʻIvrit,</subfield>
         <subfield code="c">720, 1959/60.</subfield>
      </datafield>
      <datafield tag="300" ind1=" " ind2=" ">
         <subfield code="a">3 volumes :</subfield>
         <subfield code="b">maps ;</subfield>
         <subfield code="c">24 cm</subfield>
      </datafield>
      <datafield tag="336" ind1=" " ind2=" ">
         <subfield code="a">text</subfield>
         <subfield code="b">txt</subfield>
         <subfield code="2">rdacontent</subfield>
      </datafield>
      <datafield tag="337" ind1=" " ind2=" ">
         <subfield code="a">unmediated</subfield>
         <subfield code="b">n</subfield>
         <subfield code="2">rdamedia</subfield>
      </datafield>
      <datafield tag="338" ind1=" " ind2=" ">
         <subfield code="a">volume</subfield>
         <subfield code="b">nc</subfield>
         <subfield code="2">rdacarrier</subfield>
      </datafield>
      <datafield tag="505" ind1="0" ind2=" ">
         <subfield code="6">880-03</subfield>
         <subfield code="a">Ḥeleḳ 1. Meḳorot ḥitsoniyim min ha-elef ha-shelishi ṿeha-sheni lif. ha-s. -- Ḥeleḳ 2. Meḳorot ḥitsoniyim li-teḳufat ha-hitnaḥalut ha-Yiśreʼelit -- Ḥeleḳ 3. Meḳorot ḥitsoniyim u-Miḳraʼiyim le-reshit teḳufat ha-melukhah.</subfield>
      </datafield>
      <datafield tag="500" ind1=" " ind2=" ">
         <subfield code="6">880-04</subfield>
         <subfield code="a">Penimi.</subfield>
      </datafield>
      <datafield tag="500" ind1=" " ind2=" ">
         <subfield code="a">ISAW copy is from the Library of Hayim and Miriam Tadmor.</subfield>
         <subfield code="5">NNU</subfield>
      </datafield>
      <datafield tag="650" ind1=" " ind2="0">
         <subfield code="a">Jews</subfield>
         <subfield code="x">History</subfield>
         <subfield code="y">To 586 B.C.</subfield>
         <subfield code="v">Sources.</subfield>
      </datafield>
      <datafield tag="700" ind1="1" ind2=" ">
         <subfield code="a">Malamat, Abraham</subfield>
         <subfield code="6">880-05</subfield>
         <subfield code="e">editor.</subfield>
      </datafield>
      <datafield tag="776" ind1="0" ind2="8">
         <subfield code="i">Online version:</subfield>
         <subfield code="t">Meḳorot le-toldot Yiśraʼel bi-teḳufat ha-Miḳra.</subfield>
         <subfield code="d">Yerushalayim : ha-Faḳulṭah le-madaʻe ha-ruaḥ, ha-Ḥug le-toldot Yiśraʼel, ha-Universiṭah ha-ʻIvrit, 719-721 [1958-1960/61]</subfield>
         <subfield code="w">(OCoLC)880946739</subfield>
      </datafield>
      <datafield tag="796" ind1="1" ind2=" ">
         <subfield code="a">Tadmor, Hayim,</subfield>
         <subfield code="e">former owner.</subfield>
      </datafield>
      <datafield tag="796" ind1="1" ind2=" ">
         <subfield code="a">Tadmor, Miriam,</subfield>
         <subfield code="e">former owner.</subfield>
      </datafield>
      <datafield tag="797" ind1="2" ind2=" ">
         <subfield code="a">Tadmor Collection.</subfield>
      </datafield>
      <datafield tag="880" ind1="0" ind2="0">
         <subfield code="6">245-01/</subfield>
         <subfield code="a">‏מקורות לתולדות ישראל בתקופת המקרא /‏</subfield>
         <subfield code="c">‏ערך א. מלמט.</subfield>
      </datafield>
      <datafield tag="880" ind1=" " ind2=" ">
         <subfield code="6">260-02/</subfield>
         <subfield code="a">‏ירושלים :‏</subfield>
         <subfield code="b">‏הפקולטה למדעי הרוח ַהחוג לתולדות ישראל, האוניברסיטה העברית, ‏</subfield>
         <subfield code="c">‏720, 1959/60.</subfield>
      </datafield>
      <datafield tag="880" ind1="0" ind2=" ">
         <subfield code="6">505-03/</subfield>
         <subfield code="a">‏חלק א. מקורות חיצוניים מן האלף השלישי והשני לפסה״נ ־־ חלק ב. מקורות חיצוניים לתקופת ההתנחלות הישראלית ־־ חלק ג. מקורות חיצוניים ומקראיים לראשית תקופת המלוכה.</subfield>
      </datafield>
      <datafield tag="880" ind1=" " ind2=" ">
         <subfield code="6">500-04/</subfield>
         <subfield code="a">פנימי.</subfield>
      </datafield>
      <datafield tag="880" ind1="1" ind2=" ">
         <subfield code="6">700-05/</subfield>
         <subfield code="a">מלמט, א.</subfield>
      </datafield>
      <datafield tag="OWN" ind1=" " ind2=" ">
         <subfield code="a">GENERAL</subfield>
      </datafield>
      <datafield tag="AVA" ind1=" " ind2=" ">
         <subfield code="a">NYU50</subfield>
         <subfield code="b">NISAW</subfield>
         <subfield code="c">Small Collection</subfield>
         <subfield code="d">DS121.A2 M45 1959</subfield>
         <subfield code="e">available</subfield>
         <subfield code="t">Available</subfield>
         <subfield code="f">1</subfield>
         <subfield code="g">0</subfield>
         <subfield code="h">Y</subfield>
         <subfield code="i">0</subfield>
         <subfield code="j">SMALL</subfield>
         <subfield code="k">0</subfield>
      </datafield>
      <marc:datafield tag="852" ind1=" " ind2=" ">
         <marc:subfield code="b">Institute for the Study of the Ancient World, </marc:subfield>
         <marc:subfield code="c">Small Collection</marc:subfield>
         <marc:subfield code="e">15 East 84th St., </marc:subfield>
         <marc:subfield code="e">New York, NY  10028</marc:subfield>
      </marc:datafield>
   </record>