
  
  
  
  
  
  
 
  
  <record xsi:schemaLocation="http://www.loc.gov/MARC21/slim http://www.loc.gov/standards/marcxml/schema/MARC21slim.xsd">
      <leader>00000cam a22      i 4500</leader>
      <controlfield tag="FMT">BK</controlfield>
      <controlfield tag="LDR">00000cam a22      i 4500</controlfield>
      <controlfield tag="001">004124592</controlfield>
      <controlfield tag="005">20150330132224.0</controlfield>
      <controlfield tag="008">150330m19661967is ab    b    001 0 heb</controlfield>
      <datafield tag="010" ind1=" " ind2=" ">
         <subfield code="a">he 68001408</subfield>
      </datafield>
      <datafield tag="035" ind1=" " ind2=" ">
         <subfield code="a">(OCoLC)12999890</subfield>
         <subfield code="z">(OCoLC)19192518</subfield>
      </datafield>
      <datafield tag="040" ind1=" " ind2=" ">
         <subfield code="a">DLC</subfield>
         <subfield code="b">eng</subfield>
         <subfield code="c">DVP</subfield>
         <subfield code="d">DVP</subfield>
         <subfield code="d">IUL</subfield>
         <subfield code="d">CLU</subfield>
         <subfield code="d">OCLCF</subfield>
         <subfield code="d">OCLCQ</subfield>
         <subfield code="d">OCLCO</subfield>
         <subfield code="d">NNU</subfield>
      </datafield>
      <datafield tag="043" ind1=" " ind2=" ">
         <subfield code="a">a-iq---</subfield>
         <subfield code="a">a-is---</subfield>
         <subfield code="a">f-ua---</subfield>
      </datafield>
      <datafield tag="050" ind1="0" ind2="4">
         <subfield code="a">DS117</subfield>
         <subfield code="b">.H553 1966</subfield>
      </datafield>
      <datafield tag="245" ind1="0" ind2="3">
         <subfield code="6">880-01</subfield>
         <subfield code="a">ha-Historyah shel ʻam Yiŕaʼel.</subfield>
      </datafield>
      <datafield tag="264" ind1=" " ind2="1">
         <subfield code="6">880-02</subfield>
         <subfield code="a">[Tel-Aviv]</subfield>
         <subfield code="b">ha-Ḥevrah le-Hotsaʼat ha-Hisṭoryah shel ʻAm Yiśraʼel</subfield>
         <subfield code="c">527- [1966-1967]</subfield>
      </datafield>
      <datafield tag="300" ind1=" " ind2=" ">
         <subfield code="a">volumes</subfield>
         <subfield code="b">illustrations, maps</subfield>
         <subfield code="c">27 cm</subfield>
      </datafield>
      <datafield tag="336" ind1=" " ind2=" ">
         <subfield code="a">text</subfield>
         <subfield code="b">txt</subfield>
         <subfield code="2">rdacontent</subfield>
      </datafield>
      <datafield tag="337" ind1=" " ind2=" ">
         <subfield code="a">unmediated</subfield>
         <subfield code="b">n</subfield>
         <subfield code="2">rdamedia</subfield>
      </datafield>
      <datafield tag="338" ind1=" " ind2=" ">
         <subfield code="a">volume</subfield>
         <subfield code="b">nc</subfield>
         <subfield code="2">rdacarrier</subfield>
      </datafield>
      <datafield tag="500" ind1=" " ind2=" ">
         <subfield code="a">Issued also in English.</subfield>
      </datafield>
      <datafield tag="504" ind1=" " ind2=" ">
         <subfield code="a">Includes bibliographical references.</subfield>
      </datafield>
      <datafield tag="505" ind1="1" ind2=" ">
         <subfield code="6">880-03</subfield>
         <subfield code="a">Sidrah 1: ha-Zeman ha-ʻatiḳ. Kerekh l. Be-shaḥar ha-tsivilizatsyah; riḳʻah shel teḳufat ha-Miḳra. ha-ʻOrekh: A.A. Speizer. Kerekh 2. ha-Avot ṿeha-shofṭim; divre yeme Yiśraʼel me-reshitam ʻad kinun ha-melukhah. ha-ʻOrekh: Binyamin Mazar.</subfield>
      </datafield>
      <datafield tag="500" ind1=" " ind2=" ">
         <subfield code="a">ISAW copy is from the Library of Hayim and Miriam Tadmor.</subfield>
         <subfield code="5">NNU</subfield>
      </datafield>
      <datafield tag="630" ind1="0" ind2="0">
         <subfield code="a">Bible</subfield>
         <subfield code="x">History of Biblical events.</subfield>
      </datafield>
      <datafield tag="651" ind1=" " ind2="0">
         <subfield code="a">Middle East</subfield>
         <subfield code="x">Antiquities.</subfield>
      </datafield>
      <datafield tag="650" ind1=" " ind2="0">
         <subfield code="a">Jews</subfield>
         <subfield code="x">History.</subfield>
      </datafield>
      <datafield tag="650" ind1=" " ind2="0">
         <subfield code="a">Jews</subfield>
         <subfield code="x">Civilization.</subfield>
      </datafield>
      <datafield tag="700" ind1="1" ind2=" ">
         <subfield code="a">Speiser, E. A.</subfield>
         <subfield code="q">(Ephraim Avigdor),</subfield>
         <subfield code="d">1902-1965</subfield>
         <subfield code="e">editor.</subfield>
      </datafield>
      <datafield tag="700" ind1="1" ind2=" ">
         <subfield code="a">Mazar, Benjamin,‏ ‎</subfield>
         <subfield code="d">1906-1995,</subfield>
         <subfield code="e">editor.</subfield>
      </datafield>
      <datafield tag="740" ind1="0" ind2=" ">
         <subfield code="6">880-04</subfield>
         <subfield code="a">Beshaḥar ha-tsevilizatsiyah.</subfield>
      </datafield>
      <datafield tag="776" ind1="0" ind2="8">
         <subfield code="i">Online version:</subfield>
         <subfield code="t">Historyah shel ʻam Yiŕaʼel.</subfield>
         <subfield code="d">[Tel-Aviv?] ha-Ḥevrah le-Hotsaʼat ha-Hisṭoryah shel ʻAm Yiśraʼel [1966-1967]</subfield>
         <subfield code="w">(OCoLC)649866259</subfield>
      </datafield>
      <datafield tag="796" ind1="1" ind2=" ">
         <subfield code="a">Tadmor, Hayim,</subfield>
         <subfield code="e">former owner.</subfield>
      </datafield>
      <datafield tag="796" ind1="1" ind2=" ">
         <subfield code="a">Tadmor, Miriam,</subfield>
         <subfield code="e">former owner.</subfield>
      </datafield>
      <datafield tag="797" ind1="2" ind2=" ">
         <subfield code="a">Tadmor Collection.</subfield>
      </datafield>
      <datafield tag="880" ind1="0" ind2="1">
         <subfield code="6">245-01/</subfield>
         <subfield code="a">ההיסטוריה של עם ישראל.</subfield>
      </datafield>
      <datafield tag="880" ind1=" " ind2="1">
         <subfield code="6">264-02/</subfield>
         <subfield code="a">[תל אביב] :</subfield>
         <subfield code="b">החברה להוצאת ההיסטוריה של עם ישראל,</subfield>
         <subfield code="c">-527 [1966-]</subfield>
      </datafield>
      <datafield tag="880" ind1="1" ind2=" ">
         <subfield code="6">505-03/</subfield>
         <subfield code="a">סדרה 1: הזמן העתיק. כרך 1. בשחר הציביליזציה; רקעה של תקופת המקרא. העורך: א. א. ספייזר. כרך 2. האבות והשופטים; דברי ימי ישראל מראשיתם עד כינון המלוכה. העורך: בנימין מזר.</subfield>
      </datafield>
      <datafield tag="880" ind1="0" ind2=" ">
         <subfield code="6">740-04/</subfield>
         <subfield code="a">בשחר הציביליזציה.</subfield>
      </datafield>
      <datafield tag="OWN" ind1=" " ind2=" ">
         <subfield code="a">GENERAL</subfield>
      </datafield>
      <datafield tag="AVA" ind1=" " ind2=" ">
         <subfield code="a">NYU50</subfield>
         <subfield code="b">NISAW</subfield>
         <subfield code="c">Small Collection</subfield>
         <subfield code="d">DS117 .H553 1966</subfield>
         <subfield code="e">available</subfield>
         <subfield code="t">Available</subfield>
         <subfield code="f">1</subfield>
         <subfield code="g">0</subfield>
         <subfield code="h">Y</subfield>
         <subfield code="i">0</subfield>
         <subfield code="j">SMALL</subfield>
         <subfield code="k">0</subfield>
      </datafield>
      <marc:datafield tag="852" ind1=" " ind2=" ">
         <marc:subfield code="b">Institute for the Study of the Ancient World, </marc:subfield>
         <marc:subfield code="c">Small Collection</marc:subfield>
         <marc:subfield code="e">15 East 84th St., </marc:subfield>
         <marc:subfield code="e">New York, NY  10028</marc:subfield>
      </marc:datafield>
   </record>