
  
  
  
  
  
  
  
 
  
  <record xsi:schemaLocation="http://www.loc.gov/MARC21/slim http://www.loc.gov/standards/marcxml/schema/MARC21slim.xsd">
      <leader>00000cam  2200445 a 4500</leader>
      <controlfield tag="FMT">BK</controlfield>
      <controlfield tag="LDR">00000cam  2200445 a 4500</controlfield>
      <controlfield tag="001">004124890</controlfield>
      <controlfield tag="003">OCoLC</controlfield>
      <controlfield tag="005">20150504104123.0</controlfield>
      <controlfield tag="008">150331s2011    au a     b    111 0 eng c</controlfield>
      <datafield tag="020" ind1=" " ind2=" ">
         <subfield code="a">9783643500359 (pbk.)</subfield>
      </datafield>
      <datafield tag="020" ind1=" " ind2=" ">
         <subfield code="a">3643500351 (pbk.)</subfield>
      </datafield>
      <datafield tag="035" ind1=" " ind2=" ">
         <subfield code="a">(OCoLC)730053988</subfield>
      </datafield>
      <datafield tag="040" ind1=" " ind2=" ">
         <subfield code="a">HLS</subfield>
         <subfield code="b">eng</subfield>
         <subfield code="c">HLS</subfield>
         <subfield code="d">OSU</subfield>
         <subfield code="d">OCLCF</subfield>
         <subfield code="d">NNU</subfield>
      </datafield>
      <datafield tag="041" ind1="0" ind2=" ">
         <subfield code="a">eng</subfield>
         <subfield code="a">ger</subfield>
      </datafield>
      <datafield tag="042" ind1=" " ind2=" ">
         <subfield code="a">pcc</subfield>
      </datafield>
      <datafield tag="043" ind1=" " ind2=" ">
         <subfield code="a">aw-----</subfield>
         <subfield code="a">a-iq---</subfield>
      </datafield>
      <datafield tag="050" ind1=" " ind2="4">
         <subfield code="a">DS62.2</subfield>
         <subfield code="b">.E495 2011</subfield>
      </datafield>
      <datafield tag="245" ind1="0" ind2="4">
         <subfield code="a">The empirical dimension of Ancient Near Eastern studies =</subfield>
         <subfield code="b">Die empirische Dimension altorientalischer Forschungen /</subfield>
         <subfield code="c">edited by/herausgegeben von Gebhard J. Selz ; with the collaboration of Klaus Wagensonner.</subfield>
      </datafield>
      <datafield tag="246" ind1="3" ind2="1">
         <subfield code="a">Empirische Dimension altorientalischer Forschungen</subfield>
      </datafield>
      <datafield tag="260" ind1=" " ind2=" ">
         <subfield code="a">Wien :</subfield>
         <subfield code="b">LIT ;</subfield>
         <subfield code="a">New Brunswick, NJ :</subfield>
         <subfield code="b">Distribution in North America by Transaction Publishers,</subfield>
         <subfield code="c">c2011.</subfield>
      </datafield>
      <datafield tag="300" ind1=" " ind2=" ">
         <subfield code="a">xi, 769 p. :</subfield>
         <subfield code="b">ill. ;</subfield>
         <subfield code="c">24 cm.</subfield>
      </datafield>
      <datafield tag="490" ind1="1" ind2=" ">
         <subfield code="a">Wiener Offene Orientalistik ;</subfield>
         <subfield code="v">Band 6</subfield>
      </datafield>
      <datafield tag="546" ind1=" " ind2=" ">
         <subfield code="a">In English, with ten German contributions.</subfield>
      </datafield>
      <datafield tag="500" ind1=" " ind2=" ">
         <subfield code="a">Papers presented at a symposium held in 2007.</subfield>
      </datafield>
      <datafield tag="504" ind1=" " ind2=" ">
         <subfield code="a">Includes bibliographical references and index.</subfield>
      </datafield>
      <datafield tag="505" ind1="0" ind2="0">
         <subfield code="g">I.</subfield>
         <subfield code="t">Empiricism in the ancient Near East.</subfield>
         <subfield code="t">Babylonian meteorological observations and the empirical basis of ancient science /</subfield>
         <subfield code="r">Grasshoff, Gerd --</subfield>
         <subfield code="t">Remarks on the empirical foundation of early Mesopotamian knowledge acquisition /</subfield>
         <subfield code="r">Selz, Gebhard J. --</subfield>
         <subfield code="t">Hair perhaps divides the false and the true /</subfield>
         <subfield code="r">Charvát, Peter --</subfield>
         <subfield code="t">In kleinen Schritten zur mesopotamischen Kurzchronologie des 2. Jts. vor Chr. /</subfield>
         <subfield code="r">Pruzsinszky, Regine --</subfield>
         <subfield code="t">Goal-year periods and their use in predicting planetary phenomena /</subfield>
         <subfield code="r">Steele, John M. --</subfield>
         <subfield code="t">14-month intervals of lunar velocity and column in Babylonian astronomy : atypical text C /</subfield>
         <subfield code="r">Brack-Bernsen, Lis --</subfield>
         <subfield code="r">Steele, John M. --</subfield>
         <subfield code="t">Tablets, tides and the level of Euphrates /</subfield>
         <subfield code="r">De Meis, Salvo --</subfield>
         <subfield code="t">Mathematics hidden behind the practical formulae of Babylonian geometry /</subfield>
         <subfield code="r">Muroi, Kazuo --</subfield>
         <subfield code="t">Spezialisierung und Differenzierung im Bereich der altorientalischen Medizin /</subfield>
         <subfield code="r">Fincke, Jeanette C.</subfield>
         <subfield code="g">II.</subfield>
         <subfield code="t">Empirical foundations of Mesopotamian subsistence.</subfield>
         <subfield code="t">Irrigation management in the Ur III period : a reconstruction based on a case study of the maintenance of the íd-Nina-šè-Du canal of the province Lagaš /</subfield>
         <subfield code="r">Rost, Stephanie --</subfield>
         <subfield code="t">Size of the cultivated area of the mesopotamian alluvium as an historical and politico-empirical problem /</subfield>
         <subfield code="r">Potts, Daniel T. --</subfield>
         <subfield code="t">Babylonian land survey in socio-political context /</subfield>
         <subfield code="r">Baker, Heather D. --</subfield>
         <subfield code="t">Bunte Kühe? Zu den frühesten Farbbezeichnungen im Alten Orient /</subfield>
         <subfield code="r">Pientka-Hinz, Rosel --</subfield>
         <subfield code="t">Zur Rekonstruktion von Speisen in Sumer anhand administrativer Urkunden /</subfield>
         <subfield code="r">Brunke, Haban.</subfield>
         <subfield code="g">III.</subfield>
         <subfield code="t">Organisation and perception of space.</subfield>
         <subfield code="t">Zur Funktion mesopotamischer Tempel /</subfield>
         <subfield code="r">Charpin, Dominique --</subfield>
         <subfield code="t">William Kennett Loftus and the beginnings of "scientific" archaeology in Iraq /</subfield>
         <subfield code="r">Crossen, Craig --</subfield>
         <subfield code="t">Aspektive und Perspektive im neuassyrischen Flachbild /</subfield>
         <subfield code="r">Borchardt, Jürgen --</subfield>
         <subfield code="r">Bleibtreu, Erika --</subfield>
         <subfield code="t">Mesopotamische Bauzeichnungen /</subfield>
         <subfield code="r">Bagg, Ariel M.</subfield>
      </datafield>
      <datafield tag="505" ind1="8" ind2="0">
         <subfield code="g">IV.</subfield>
         <subfield code="t">Transmitting empirical knowledge.</subfield>
         <subfield code="t">Schule vor der Schrift /</subfield>
         <subfield code="r">Nissen, Hans J. --</subfield>
         <subfield code="t">Empirical scholarship in the Neo-Assyrian court /</subfield>
         <subfield code="r">Robson, Eleanor --</subfield>
         <subfield code="t">Exzellente Netzwerke : die Astronomen von Uruk /</subfield>
         <subfield code="r">Ossendrijver, Mathieu --</subfield>
         <subfield code="t">Acribal family and its orthographic peculiarities : on the scientific work of a royal scribe and his sons /</subfield>
         <subfield code="r">Wagensonner, Klaus --</subfield>
         <subfield code="t">Sumerische Numeraliasystem : Versuch einer typologischen Einordnung /</subfield>
         <subfield code="r">Balke, Thomas E.</subfield>
      </datafield>
      <datafield tag="651" ind1=" " ind2="0">
         <subfield code="a">Middle East</subfield>
         <subfield code="x">History</subfield>
         <subfield code="y">To 622</subfield>
         <subfield code="v">Congresses.</subfield>
      </datafield>
      <datafield tag="651" ind1=" " ind2="0">
         <subfield code="a">Middle East</subfield>
         <subfield code="x">Civilization</subfield>
         <subfield code="y">To 622</subfield>
         <subfield code="v">Congresses.</subfield>
      </datafield>
      <datafield tag="650" ind1=" " ind2="0">
         <subfield code="a">Cuneiform tablets</subfield>
         <subfield code="v">Congresses.</subfield>
      </datafield>
      <datafield tag="650" ind1=" " ind2="0">
         <subfield code="a">Observation (Scientific method)</subfield>
         <subfield code="z">Middle East</subfield>
         <subfield code="x">History</subfield>
         <subfield code="y">To 1500</subfield>
         <subfield code="v">Congresses.</subfield>
      </datafield>
      <datafield tag="650" ind1=" " ind2="0">
         <subfield code="a">Science, Ancient</subfield>
         <subfield code="v">Congresses.</subfield>
      </datafield>
      <datafield tag="650" ind1=" " ind2="7">
         <subfield code="a">Civilization.</subfield>
         <subfield code="2">fast</subfield>
         <subfield code="0">(OCoLC)fst00862898</subfield>
      </datafield>
      <datafield tag="650" ind1=" " ind2="7">
         <subfield code="a">Cuneiform tablets.</subfield>
         <subfield code="2">fast</subfield>
         <subfield code="0">(OCoLC)fst00885202</subfield>
      </datafield>
      <datafield tag="651" ind1=" " ind2="7">
         <subfield code="a">Middle East.</subfield>
         <subfield code="2">fast</subfield>
         <subfield code="0">(OCoLC)fst01241586</subfield>
      </datafield>
      <datafield tag="648" ind1=" " ind2="7">
         <subfield code="a">To 622</subfield>
         <subfield code="2">fast</subfield>
      </datafield>
      <datafield tag="655" ind1=" " ind2="7">
         <subfield code="a">History.</subfield>
         <subfield code="2">fast</subfield>
         <subfield code="0">(OCoLC)fst01411628</subfield>
      </datafield>
      <datafield tag="700" ind1="1" ind2=" ">
         <subfield code="a">Selz, Gebhard J.</subfield>
      </datafield>
      <datafield tag="700" ind1="1" ind2=" ">
         <subfield code="a">Wagensonner, Klaus.</subfield>
      </datafield>
      <datafield tag="830" ind1=" " ind2="0">
         <subfield code="a">Wiener Offene Orientalistik ;</subfield>
         <subfield code="v">Bd. 6.</subfield>
      </datafield>
      <datafield tag="994" ind1=" " ind2=" ">
         <subfield code="a">Z0</subfield>
         <subfield code="b">ZYU</subfield>
      </datafield>
      <datafield tag="OWN" ind1=" " ind2=" ">
         <subfield code="a">GENERAL</subfield>
      </datafield>
      <datafield tag="AVA" ind1=" " ind2=" ">
         <subfield code="a">NYU50</subfield>
         <subfield code="b">NISAW</subfield>
         <subfield code="c">Small Collection</subfield>
         <subfield code="d">DS62.2 .E495 2011</subfield>
         <subfield code="e">available</subfield>
         <subfield code="t">Available</subfield>
         <subfield code="f">1</subfield>
         <subfield code="g">0</subfield>
         <subfield code="h">N</subfield>
         <subfield code="i">0</subfield>
         <subfield code="j">SMALL</subfield>
         <subfield code="k">0</subfield>
      </datafield>
      <marc:datafield tag="852" ind1=" " ind2=" ">
         <marc:subfield code="b">Institute for the Study of the Ancient World, </marc:subfield>
         <marc:subfield code="c">Small Collection</marc:subfield>
         <marc:subfield code="e">15 East 84th St., </marc:subfield>
         <marc:subfield code="e">New York, NY  10028</marc:subfield>
      </marc:datafield>
   </record>