
  
  
  
  
  
  
 
  
  <record xsi:schemaLocation="http://www.loc.gov/MARC21/slim http://www.loc.gov/standards/marcxml/schema/MARC21slim.xsd">
      <leader>00000cam  22010454a 4500</leader>
      <controlfield tag="FMT">BK</controlfield>
      <controlfield tag="LDR">00000cam  22010454a 4500</controlfield>
      <controlfield tag="001">001617281</controlfield>
      <controlfield tag="003">OCoLC</controlfield>
      <controlfield tag="005">20141119130714.0</controlfield>
      <controlfield tag="008">980225s2000    enka     b    001 0 eng</controlfield>
      <datafield tag="010" ind1=" " ind2=" ">
         <subfield code="a">98003434</subfield>
      </datafield>
      <datafield tag="015" ind1=" " ind2=" ">
         <subfield code="a">GBA2-41317</subfield>
      </datafield>
      <datafield tag="020" ind1=" " ind2=" ">
         <subfield code="a">0521452570 (hb)</subfield>
      </datafield>
      <datafield tag="020" ind1=" " ind2=" ">
         <subfield code="a">9780521452571 (hb)</subfield>
      </datafield>
      <datafield tag="035" ind1=" " ind2=" ">
         <subfield code="a">(OCoLC)38542531</subfield>
      </datafield>
      <datafield tag="040" ind1=" " ind2=" ">
         <subfield code="a">DLC</subfield>
         <subfield code="b">eng</subfield>
         <subfield code="c">DLC</subfield>
         <subfield code="d">YAM</subfield>
         <subfield code="d">UKM</subfield>
         <subfield code="d">LVB</subfield>
         <subfield code="d">BAKER</subfield>
         <subfield code="d">NLGGC</subfield>
         <subfield code="d">BTCTA</subfield>
         <subfield code="d">YDXCP</subfield>
         <subfield code="d">OCLCG</subfield>
         <subfield code="d">IG#</subfield>
         <subfield code="d">UBC</subfield>
         <subfield code="d">OCLCQ</subfield>
         <subfield code="d">DEBSZ</subfield>
         <subfield code="d">OCLCF</subfield>
         <subfield code="d">PBE</subfield>
         <subfield code="d">NNU</subfield>
      </datafield>
      <datafield tag="042" ind1=" " ind2=" ">
         <subfield code="a">pcc</subfield>
      </datafield>
      <datafield tag="043" ind1=" " ind2=" ">
         <subfield code="a">f-ua---</subfield>
      </datafield>
      <datafield tag="050" ind1="0" ind2="0">
         <subfield code="a">TA402.5.E3</subfield>
         <subfield code="b">A53 2000</subfield>
      </datafield>
      <datafield tag="082" ind1="0" ind2="0">
         <subfield code="a">620.1/1/0932</subfield>
         <subfield code="2">21</subfield>
      </datafield>
      <datafield tag="084" ind1=" " ind2=" ">
         <subfield code="a">50.11</subfield>
         <subfield code="2">bcl</subfield>
      </datafield>
      <datafield tag="245" ind1="0" ind2="0">
         <subfield code="a">Ancient Egyptian materials and technology /</subfield>
         <subfield code="c">edited by Paul T. Nicholson and Ian Shaw.</subfield>
      </datafield>
      <datafield tag="260" ind1=" " ind2=" ">
         <subfield code="a">Cambridge ;</subfield>
         <subfield code="a">New York :</subfield>
         <subfield code="b">Cambridge University Press,</subfield>
         <subfield code="c">2000.</subfield>
      </datafield>
      <datafield tag="300" ind1=" " ind2=" ">
         <subfield code="a">xviii, 702 p. :</subfield>
         <subfield code="b">ill. ;</subfield>
         <subfield code="c">28 cm.</subfield>
      </datafield>
      <datafield tag="504" ind1=" " ind2=" ">
         <subfield code="a">Includes bibliographical references and index.</subfield>
      </datafield>
      <datafield tag="505" ind1="0" ind2="0">
         <subfield code="t">Stone /</subfield>
         <subfield code="r">Aston, Barbara G. --</subfield>
         <subfield code="r">Harrell, James A. --</subfield>
         <subfield code="r">Shaw, Ian --</subfield>
         <subfield code="t">Soil (including mud-brick architecture) /</subfield>
         <subfield code="r">Kemp, Barry --</subfield>
         <subfield code="t">Painting materials /</subfield>
         <subfield code="r">Lee, Lorna --</subfield>
         <subfield code="r">Quirke,. Stephen --</subfield>
         <subfield code="t">Pottery /</subfield>
         <subfield code="r">Borriau, Janine D. --</subfield>
         <subfield code="r">Nicholson, Paul T. --</subfield>
         <subfield code="r">Rose, Pamela J. --</subfield>
         <subfield code="t">Metals /</subfield>
         <subfield code="r">Ogden, Jack --</subfield>
         <subfield code="t">Egyptian faience /</subfield>
         <subfield code="r">Nicholson, Paul T. --</subfield>
         <subfield code="r">Peltenburg, Edgar --</subfield>
         <subfield code="t">Glass /</subfield>
         <subfield code="r">Nicholson, Paul T. --</subfield>
         <subfield code="r">Henderson, Julian --</subfield>
         <subfield code="t">Papyrus /</subfield>
         <subfield code="r">Leach, Bridget --</subfield>
         <subfield code="r">Tait, John --</subfield>
         <subfield code="t">Basketry /</subfield>
         <subfield code="r">Wendrich, Willemina Z. --</subfield>
         <subfield code="t">Textiles /</subfield>
         <subfield code="r">Vogelsang-Eastwood, Gillian --</subfield>
         <subfield code="t">Leatherwork and skin products /</subfield>
         <subfield code="r">Driel-Murray, Carol van --</subfield>
         <subfield code="t">Ivory and related materials /</subfield>
         <subfield code="r">Krzyszkowska, Olga --</subfield>
         <subfield code="r">Morkot, Robert --</subfield>
         <subfield code="t">Ostrich eggshells /</subfield>
         <subfield code="r">Phillips, Jacke --</subfield>
         <subfield code="t">Wood /</subfield>
         <subfield code="r">Gale, Rowena --</subfield>
         <subfield code="r">Gasson, Peter --</subfield>
         <subfield code="r">Hepper, Nigel --</subfield>
         <subfield code="r">Killen, Geoffrey --</subfield>
         <subfield code="t">Mummification /</subfield>
         <subfield code="r">David, A. Rosalie --</subfield>
         <subfield code="t">Oil, fat and wax /</subfield>
         <subfield code="r">Serpico, Margaret --</subfield>
         <subfield code="r">White, Raymond --</subfield>
         <subfield code="t">Resins, amber and bitumen /</subfield>
         <subfield code="r">Serpico, Margaret --</subfield>
         <subfield code="r">White, Raymond --</subfield>
         <subfield code="t">Adhesives and binders /</subfield>
         <subfield code="r">Newman, Richard --</subfield>
         <subfield code="r">Serpico, Margaret --</subfield>
         <subfield code="t">Hair /</subfield>
         <subfield code="r">Fletcher, Joann --</subfield>
         <subfield code="t">Cereal production and processing /</subfield>
         <subfield code="r">Murray, Mary Anne --</subfield>
         <subfield code="t">Brewing and baking /</subfield>
         <subfield code="r">Samuel, Delwen --</subfield>
         <subfield code="t">Viticulture and wine production /</subfield>
         <subfield code="r">Murray, Mary Anne --</subfield>
         <subfield code="r">Boulton, Neil --</subfield>
         <subfield code="r">Heron, Carl --</subfield>
         <subfield code="t">Fruits, vegetables, pulses and condiments /</subfield>
         <subfield code="r">Murray, Mary Anne --</subfield>
         <subfield code="t">Meat processing /</subfield>
         <subfield code="r">Ikram, Salima.</subfield>
      </datafield>
      <datafield tag="520" ind1="1" ind2=" ">
         <subfield code="a">"This is a study of the procurement and processing of raw materials employed by the ancient Egyptians over the five millennia of the Predynastic and Pharaonic periods (c. 5500-332 B.C.). During this time, not only were there variations in the preferred materials for particular types of artefacts, but also gradual processes of technological change. Among the topics covered are stone quarrying, the building of temples and pyramids, techniques for preserving meat, fish, and poultry, the production of glass and faience, the baking of bread, the brewing of beers, the preparation of oils and perfumes, and the mummification of humans and animals. Each chapter has been written by one or more specialists, drawing not only on conventional Egyptological skills but also on expertise in the natural sciences as applied to archaeological data."--Jacket.</subfield>
      </datafield>
      <datafield tag="650" ind1=" " ind2="0">
         <subfield code="a">Building materials</subfield>
         <subfield code="z">Egypt.</subfield>
      </datafield>
      <datafield tag="650" ind1=" " ind2="0">
         <subfield code="a">Technology</subfield>
         <subfield code="z">Egypt.</subfield>
      </datafield>
      <datafield tag="651" ind1=" " ind2="0">
         <subfield code="a">Egypt</subfield>
         <subfield code="x">Civilization</subfield>
         <subfield code="y">To 332 B.C.</subfield>
      </datafield>
      <datafield tag="650" ind1=" " ind2="0">
         <subfield code="a">Raw materials</subfield>
         <subfield code="z">Egypt.</subfield>
      </datafield>
      <datafield tag="650" ind1=" " ind2="6">
         <subfield code="a">Construction</subfield>
         <subfield code="x">Matériaux</subfield>
         <subfield code="z">Égypte.</subfield>
      </datafield>
      <datafield tag="650" ind1=" " ind2="6">
         <subfield code="a">Technologie</subfield>
         <subfield code="z">Égypte.</subfield>
      </datafield>
      <datafield tag="650" ind1=" " ind2="6">
         <subfield code="a">Matières premières</subfield>
         <subfield code="z">Égypte.</subfield>
      </datafield>
      <datafield tag="651" ind1=" " ind2="6">
         <subfield code="a">Égypte</subfield>
         <subfield code="x">Civilisation</subfield>
         <subfield code="y">Jusqu'à 332 av. J.-C.</subfield>
      </datafield>
      <datafield tag="651" ind1=" " ind2="4">
         <subfield code="a">Egypt</subfield>
         <subfield code="x">Civilization</subfield>
         <subfield code="y">To 332 B.C.</subfield>
      </datafield>
      <datafield tag="650" ind1="1" ind2="7">
         <subfield code="a">Technologie.</subfield>
         <subfield code="2">gtt</subfield>
      </datafield>
      <datafield tag="650" ind1="1" ind2="7">
         <subfield code="a">Materiaalbewerking.</subfield>
         <subfield code="2">gtt</subfield>
      </datafield>
      <datafield tag="650" ind1=" " ind2="7">
         <subfield code="a">Building materials.</subfield>
         <subfield code="2">fast</subfield>
         <subfield code="0">(OCoLC)fst00840723</subfield>
      </datafield>
      <datafield tag="650" ind1=" " ind2="7">
         <subfield code="a">Civilization.</subfield>
         <subfield code="2">fast</subfield>
         <subfield code="0">(OCoLC)fst00862898</subfield>
      </datafield>
      <datafield tag="650" ind1=" " ind2="7">
         <subfield code="a">Raw materials.</subfield>
         <subfield code="2">fast</subfield>
         <subfield code="0">(OCoLC)fst01090412</subfield>
      </datafield>
      <datafield tag="650" ind1=" " ind2="7">
         <subfield code="a">Technology.</subfield>
         <subfield code="2">fast</subfield>
         <subfield code="0">(OCoLC)fst01145078</subfield>
      </datafield>
      <datafield tag="651" ind1=" " ind2="7">
         <subfield code="a">Egypt.</subfield>
         <subfield code="2">fast</subfield>
         <subfield code="0">(OCoLC)fst01208755</subfield>
      </datafield>
      <datafield tag="648" ind1=" " ind2="7">
         <subfield code="a">To 332 B.C.</subfield>
         <subfield code="2">fast</subfield>
      </datafield>
      <datafield tag="700" ind1="1" ind2=" ">
         <subfield code="a">Nicholson, Paul T.</subfield>
      </datafield>
      <datafield tag="700" ind1="1" ind2=" ">
         <subfield code="a">Shaw, Ian,</subfield>
         <subfield code="d">1961-</subfield>
      </datafield>
      <datafield tag="OWN" ind1=" " ind2=" ">
         <subfield code="a">GENERAL</subfield>
      </datafield>
      <datafield tag="AVA" ind1=" " ind2=" ">
         <subfield code="a">NYU50</subfield>
         <subfield code="b">BOBST</subfield>
         <subfield code="c">Main Collection</subfield>
         <subfield code="d">TA402.5.E3 A53 2000</subfield>
         <subfield code="e">unavailable</subfield>
         <subfield code="t">Unavailable</subfield>
         <subfield code="f">1</subfield>
         <subfield code="g">1</subfield>
         <subfield code="h">N</subfield>
         <subfield code="i">9</subfield>
         <subfield code="j">MAIN</subfield>
         <subfield code="k">0</subfield>
      </datafield>
      <datafield tag="AVA" ind1=" " ind2=" ">
         <subfield code="a">NYU50</subfield>
         <subfield code="b">NIFA</subfield>
         <subfield code="c">Egyptian</subfield>
         <subfield code="d">TA402.5.E3 A53 2000 Non-circulating</subfield>
         <subfield code="e">available</subfield>
         <subfield code="t">Available</subfield>
         <subfield code="f">1</subfield>
         <subfield code="g">0</subfield>
         <subfield code="h">N</subfield>
         <subfield code="i">0</subfield>
         <subfield code="j">EGYPT</subfield>
         <subfield code="k">0</subfield>
      </datafield>
      <datafield tag="AVA" ind1=" " ind2=" ">
         <subfield code="a">NYU50</subfield>
         <subfield code="b">NISAW</subfield>
         <subfield code="c">Large Collection</subfield>
         <subfield code="d">TA402.5.E3 A53 2000</subfield>
         <subfield code="e">available</subfield>
         <subfield code="t">Available</subfield>
         <subfield code="f">1</subfield>
         <subfield code="g">0</subfield>
         <subfield code="h">N</subfield>
         <subfield code="i">0</subfield>
         <subfield code="j">LARGE</subfield>
         <subfield code="k">0</subfield>
      </datafield>
      <marc:datafield tag="852" ind1=" " ind2=" ">
         <marc:subfield code="b">Institute for the Study of the Ancient World, </marc:subfield>
         <marc:subfield code="c">Large Collection</marc:subfield>
         <marc:subfield code="e">15 East 84th St., </marc:subfield>
         <marc:subfield code="e">New York, NY  10028</marc:subfield>
      </marc:datafield>
   </record>